3792 5375
434 485 506 647 De
533 543 672 656 primo
697 537 902 704 thalogi
931 547 1157 662 praesepta
1204 557 1212 571 ’
1277 569 1354 656 371
1394 653 1404 704 ·;
1506 515 1520 550 ’
1564 599 1592 654 ,·

513 710 844 800 arcura
890 713 1137 834 xxxiv.
1382 713 1619 816 -’.,.

295 871 524 961 Monachus,
544 878 605 955 cui
625 871 861 970 dispensatio·
913 872 944 950 el
961 870 1222 960 administratio
1239 871 1361 960 bono.

257 1011 260 1016 ·
347 999 429 1054 rum
454 977 654 1054 monasterii
681 998 758 1072 uon
778 976 877 1053 estc
931 974 1063 1054 credita
1083 1030 1096 1062 ,
1119 973 1358 1071 eleemosynae
1422 979 1426 986 '

342 1075 416 1156 sine
440 1076 580 1158 licentia
602 1076 834 1171 Superioris,
862 1074 918 1152 uel
945 1070 1129 1172 expressa,
1150 1074 1205 1156 rel
1226 1075 1360 1170 proba.-

346 1175 463 1254 biliter
484 1175 717 1275 presumpta,
735 1175 850 1254 facere
865 1198 943 1253 non
965 1174 1108 1276 potest,
1136 1171 1200 1253 nist
1222 1175 1259 1252 in
1275 1173 1357 1258 nrt·

346 1276 433 1356 culo
463 1283 632 1354 extremar
656 1273 877 1364 necessitatis.
1332 1293 1334 1298 ·

294 1433 376 1594 Ita
396 1427 508 1520 docet
527 1437 562 1522 S,
576 1430 728 1510 Thomas.
756 1429 867 1513 Ratio
884 1434 958 1523 est,
978 1435 1060 1528 quia
1073 1433 1261 1531 proprium
1277 1453 1355 1512 nou

354 1530 485 1614 habet,
500 1556 544 1612 ac
574 1547 666 1626 uoto
683 1537 897 1632 paupertatis
921 1533 1128 1622 obllridus,
1147 1556 1224 1611 non
1239 1531 1357 1614 solum
1513 1557 1520 1566 ·

294 1632 345 1710 est
362 1637 513 1728 incapax
535 1634 712 1711 dominii»
731 1631 789 1710 sed
812 1634 849 1710 sc
872 1632 1023 1732 legitimi
1045 1631 1153 1723 usus,
1178 1631 1240 1717 niu
1265 1653 1355 1730 qua·
1637 1693 1656 1736 ,Ι

293 1744 397 1820 tenus
416 1731 481 1829 ipli
505 1757 526 1812 a
549 1733 739 1833 Superiora
758 1732 982 1813 conceditur.
1010 1729 1117 1812 Unde
1146 1757 1212 1814 nec
1235 1733 1280 1808 de
1299 1755 1356 1827 re.
1411 1805 1428 1816 ,
1461 1761 1467 1770 ·
1505 1743 1510 1754 ·

293 1832 361 1909 bus
382 1856 401 1907 a
420 1838 653 1930 parentibus,
676 1832 790 1910 aliisve
812 1832 902 1909 datis
925 1855 1073 1932 erogare
1093 1830 1354 1931 eleemosynam
1409 1900 1412 1907 .
1458 1843 1462 1870 ¹

293 1930 412 2027 potest
426 1987 436 2017 ,
460 1930 521 2008 nisa
537 1936 574 2028 in
590 1950 747 2012 extrema
766 1930 964 2014 necessitate
983 1932 1202 2019 constitutis,
1218 1948 1279 2010 aut
1292 1936 1359 2008 ab·

293 2032 389 2108 sente
402 2030 611 2129 Superiora,
627 2032 752 2128 aliquid
766 2035 945 2116 modicum,
958 2029 1014 2119 sub
1024 2031 1077 2123 spe
1090 2027 1354 2116 ratihabitionis,

343 2131 379 2207 Si
410 2155 498 2208 vero
530 2133 811 2220 administratio,
842 2132 899 2212 vel
927 2132 1139 2228 dispensatio
1169 2135 1355 2222 bonorum
1432 2145 1435 2152 '

293 2231 497 2313 monasterii
526 2231 568 2311 sit
596 2231 660 2334 ipli
688 2231 901 2318 commissa,
926 2235 1085 2322 debitas,
1110 2231 1355 2330 proscriptas.

294 2329 351 2408 vel
366 2330 480 2414 solitas
493 2332 729 2433 eleemosynas
750 2332 865 2409 facere
888 2335 1016 2430 potest·
1039 2330 1152 2419 Item.
1176 2331 1201 2409 sa
1221 2354 1356 2410 conce·

292 2429 397 2509 datur
412 2434 444 2507 ei
465 2429 610 2510 facultas
635 2431 769 2531 aliquid
790 2432 1018 2530 expendendi
1040 2436 1076 2510 in
1095 2430 1353 2532 religiosum&

291 2534 372 2632 pios
397 2513 568 2627 ulus'pro
589 2533 646 2616 sua
667 2533 872 2620 voluntate,
889 2557 934 2608 ex
950 2536 1014 2617 iis,
1032 2557 1188 2632 quorum
1210 2532 1290 2612 ulus
1303 2530 1354 2610 illi

292 2633 527 2721 conceditur,
555 2655 703 2731 erogare
724 2633 841 2733 potest
864 2632 1102 2737 eleemosynas
1126 2689 1136 2723 ,
1159 2632 1229 2709 sare
1248 2630 1288 2709 srt
1315 2635 1378 2729 iu¹

292 2733 528 2819 monasterio,
550 2733 619 2812 srre
639 2751 762 2817 extra,
783 2734 983 2815 studiorum
1001 2734 1100 2812 causa
1124 2732 1179 2813 vel
1195 2735 1352 2830 peregri-

290 2836 539 2917 nationis,aut
553 2834 795 2932 gerendorum
815 2837 1049 2929 negotiorum
1091 2831 1146 2910 Ex
1165 2832 1354 2927 congiario
1395 2866 1398 2877 ·
1455 2914 1458 2919 ,
1493 2838 1505 2897 .’
1632 2896 1635 2911 ..

288 2927 493 3029 (inquam)
512 2952 573 3011 aut
599 2938 753 3015 viatico,
781 2933 840 3010 seu
862 2934 1031 3031 pensione
1057 2932 1101 3009 ad
1127 2932 1286 3008 viiluna,
1313 2932 1353 3006 se

288 3033 453 3117 vestitum
479 3033 541 3110 fibi
572 3030 733 3111 concessa
757 3079 767 3108 2
793 3031 816 3107 sr
843 3034 930 3130 quid
962 3031 1139 3110 residuum
1160 3029 1285 3115 suerit.
1306 3052 1354 3114 ere

289 3128 364 3211 hoc
386 3132 606 3228 parsimonia
627 3132 716 3218 suae,
734 3130 1010 3230 frugalitatisque
1035 3132 1151 3209 fructu
1181 3149 1353 3229 pauperes

290 3253 449 3317 recreare
474 3234 611 3328 potest3
635 3233 736 3329 Qia
758 3256 830 3302 cum
857 3233 979 3302 dentur
999 3233 1031 3302 ei
1053 3230 1193 3327 expense
1208 3286 1219 3316 ,
1236 3237 1354 3300 comit«

289 3333 377 3404 titur
402 3336 433 3399 ei
456 3356 569 3403 aarum
593 3330 818 3423 dispensatio,
854 3349 894 3409 ut
909 3333 1072 3432 loquitur
1098 3337 1132 3408 S.
1147 3332 1290 3402 Thomas
1313 3331 1353 3414 in
1438 3396 1441 3403 ,

288 3451 323 3522 4
352 3436 593 3504 Sententiarum
624 3434 782 3531 dist-15·
814 3456 850 3527 q·
873 3451 906 3504 a.
939 3450 1003 3508 art·
1024 3454 1055 3520 5·
1085 3431 1353 3531 ¹quaestione-a.
1437 3498 1440 3505 ,

291 3529 465 3629 Idemque
478 3532 667 3610 confirmat
689 3533 904 3631 quodlibeto
918 3555 949 3624 3.
976 3556 1012 3631 q.
1024 3543 1057 3606 6.
1076 3545 1140 3607 art.
1158 3555 1186 3605 r.
1211 3586 1257 3623 ,‚„
1282 3528 1354 3607 R'e-

288 3629 403 3727 ligiusa
427 3627 586 3727 (lnquit)
610 3636 770 3732 quamvis
796 3636 984 3732 proprium
1015 3633 1144 3709 hahere
1176 3656 1251 3708 non
1271 3628 1354 3725 pos.

288 3728 378 3815 sant,
406 3731 548 3829 poliunt
564 3751 683 3810 tamen
706 3733 1033 3829 aliquarumrerum
1054 3731 1351 3830 dispensationem

289 3828 441 3916 habere,
461 3833 530 3908 srva
544 3834 589 3908 de
615 3834 783 3910 lruslibus
801 3831 1053 3931 possessionum
1073 3835 1354 3915 communium·

288 3930 360 4007 five
380 3935 486 4009 etiam
509 3934 552 4013 de
567 3934 818 4033 eleemosynis,
841 3957 918 4030 quae
933 3934 1187 4028 particulariter
1200 3935 1246 4007 eis
1262 3952 1353 4007 con·
1379 3972 1383 3981 ·

251 4046 254 4051 ·
288 4029 475 4122 seruntur3
497 4056 563 4109 nec
586 4033 691 4108 refert
714 4083 724 4114 t
746 4054 919 4127 (tarantum
950 4034 994 4108 ad
1022 4031 1247 4127 propositum
1274 4049 1355 4121 pet·

288 4134 406 4215 tinet,
434 4145 556 4209 utrum
576 4132 779 4225 hujusmodi
800 4130 1095 4225 dispensationem
1122 4130 1274 4204 habeant
1287 4149 1352 4207 au·

288 4231 451 4310 sturitate
475 4232 521 4311 sui
555 4232 722 4315 ordinis,
749 4233 803 4308 vel
828 4232 1036 4308 austoritate
1065 4227 1213 4324 alicujus
1243 4226 1349 4323 supe-

290 4332 392 4411 rioris
411 4329 554 4410 llraelati·
580 4330 629 4421 Hi
648 4353 760 4427 ergo,
781 4333 910 4424 quibus
933 4325 1141 4421 dispensatio
1163 4325 1349 4412 commissa
1437 4402 1444 4411 ,

291 4428 369 4512 cst,
393 4428 1008 4529 polluntmerltorieeleemosynam
1031 4426 1351 4519 taceredebonu„
1430 4482 1432 4487 .
1531 4476 1566 4533 .·'

282 4549 371 4677 'qud
402 4554 531 4620 etatum
557 4531 816 4716 (llspcnsttltioia
828 4531 1131 4727 cgmmittuptur,
1154 4525 1353 4734 maffia
