3792 5375
549 538 637 654 720
724 507 882 648 Theos.
908 511 1081 628 neg&
1104 503 1258 606 illotal
1283 505 1379 610 Lib.
1396 507 1475 610 Ill.

555 689 699 768 medere
719 686 843 765 diebus
870 686 1010 782 ieiunio
1031 679 1244 761 consecratis
1265 735 1277 770 ,
1300 703 1422 778 parate
1441 705 1521 762 non
1553 681 1616 764 ded

555 793 644 866 beot
657 837 667 872 ,
681 789 869 886 domoque
887 788 1009 883 potius
1035 776 1157 882 egredi
1180 831 1191 866 ‚
1211 795 1320 882 quam
1338 781 1402 860 illia
1425 782 1495 864 hac
1517 783 1559 864 in
1577 809 1616 862 re

556 889 706 983 obsequi
726 900 904 963 tenentur.
1387 961 1390 966 ,
1448 933 1460 948 ·-

607 986 662 1064 Ex
691 985 757 1063 hac
777 984 913 1081 Regula
934 981 1090 1082 sequitur
1110 1029 1121 1068 ,
1145 981 1300 1080 graviter
1327 999 1475 1072 peceare
1491 977 1618 1064 domi.

556 1105 626 1165 nos
655 1136 666 1169 ‚
695 1088 758 1182 qui
781 1085 883 1161 servia
917 1082 983 1160 suis
1010 1085 1132 1178 jejunii
1168 1081 1249 1178 lege
1268 1081 1440 1160 obsttidlia
1465 1098 1616 1173 tantos,

556 1202 631 1266 tam
661 1210 704 1261 ue
725 1208 849 1280 graves
863 1183 1002 1259 labores
1022 1187 1216 1281 imponunt
1232 1181 1450 1276 jejuniorum
1463 1185 1617 1272 diebus,

557 1302 601 1366 ut
618 1210 774 1383 idlunare
792 1278 1031 1383 nonpossint,
1048 1282 1072 1359 fi
1088 1301 1194 1378 opera
1209 1283 1245 1355 in
1260 1281 1367 1357 alium
1382 1283 1477 1359 diem
1493 1267 1618 1360 differ·

557 1399 598 1465 te
621 1442 632 1472 ,
653 1384 707 1460 vel
729 1388 765 1460 in
790 1382 907 1480 plures
928 1380 1004 1459 dies
1037 1382 1192 1461 dividere
1220 1379 1269 1459 sas
1301 1379 1344 1458 llt
1362 1382 1496 1485 absque
1511 1385 1617 1482 graii

557 1489 706 1563 domno.

507 1567 511 1577 ’
610 1585 712 1664 Hanc
740 1578 916 1680 Regulam
939 1576 1131 1660 confirmat
1160 1577 1367 1658 Concilium
1393 1573 1616 1675 ptovinciale

558 1683 827 1766 Mediolanenl‘e
837 1678 884 1758 V.
912 1676 1058 1757 l’taelide
1081 1687 1111 1755 S.
1129 1682 1246 1750 Catulo
1261 1684 1456 1753 Borromeo·
1472 1673 1551 1761 Tit.
1562 1687 1618 1758 m

557 1791 611 1859 bis
626 1841 637 1873 ,
655 1806 721 1879 que
739 1789 781 1853 ad
811 1785 880 1851 dies
906 1779 1028 1870 felioc,
1059 1785 1101 1853 (φ
1113 1777 1208 1868 sacra
1237 1778 1397 1876 Tempora
1420 1795 1616 1878 pertentat,

557 1888 622 1969 ubi
643 1895 759 1969 vetat,
776 1905 822 1958 ne
844 1881 906 1978 qui
929 1880 1109 1956 licentiam
1129 1879 1262 1959 habent
1289 1880 1467 1960 vendendi
1487 1897 1613 1962 carna

558 1987 606 2063 ad
626 1985 878 2080 aegrotantium
900 2033 912 2066 .
943 1981 1244 2079 imbecilliumque
1276 1978 1467 2060 hominum
1487 1983 1614 2070 usum.

558 2109 617 2162 eas
644 2085 813 2160 omnibus
827 2080 1004 2167 vendant,
1025 2081 1081 2157 sed
1106 2084 1147 2157 lis
1164 2080 1376 2178 solum,qui
1390 2081 1559 2180 scriptam
1572 2083 1615 2160 ab

558 2182 738 2281 Episcopo
761 2178 965 2258 lacultatem
996 2179 1194 2261 habuerint.
1237 2237 1295 2275 „„
1322 2179 1403 2259 Nec
1432 2206 1520 2260 vero
1543 2183 1615 2262 fine

559 2305 601 2361 ea
626 2283 750 2377 scripta
768 2279 955 2365 facultate,
975 2303 1017 2356 ac
1038 2279 1212 2378 sigillatim
1227 2327 1238 2357 2
1251 2285 1539 2378 nominatimque
1553 2281 1616 2360 de-

555 2383 618 2469 ta,
632 2403 836 2476 caupones.
860 2379 1064 2462 tabernarii,
1089 2381 1126 2454 de
1150 2378 1227 2462 alii,
1250 2385 1311 2478 qui
1338 2381 1616 2460 coeoaculariana

559 2482 712 2565 faciunt,
734 2480 863 2554 vetitos
881 2480 917 2553 in
940 2477 1218 2575 Quadragesrma
1239 2483 1340 2557 cibos
1354 2482 1535 2568 vendant,
1553 2503 1618 2560 ve·

558 2580 698 2658 balelve
721 2593 926 2676 exponant,
945 2600 1050 2653 ettam
1070 2577 1287 2675 hospitibus.
1305 2585 1522 2679 peregrinis.
1541 2585 1618 2662 via·

559 2681 769 2762 toribulve‚
795 2677 916 2774 quales
939 2676 1016 2753 fint.
1053 2675 1132 2754 Nec
1158 2700 1244 2757 vtro
1261 2704 1324 2757 eos
1352 2683 1476 2761 menlae
1501 2702 1617 2780 appo·

558 2798 660 2860 nant.
701 2777 780 2856 Nec
804 2794 967 2875 praterea
994 2778 1073 2854 illos
1094 2778 1164 2855 alio
1192 2778 1278 2857 loco
1300 2785 1455 2870 cotlos,
1486 2782 1617 2861 condi·

558 2879 731 2958 mentisve
756 2896 966 2976 apparatos,
987 2903 1064 2955 non
1091 2878 1206 2956 modo
1233 2885 1477 2978 incautione,
1499 2884 1616 2960 taber-

559 3003 631 3065 na,
658 2978 857 3076 hospitiove
882 2978 967 3061 suo,
987 2994 1048 3057 aut
1070 2977 1155 3056 loco
1172 2998 1265 3058 curae
1287 2982 1354 3059 suae
1375 2982 1531 3078 subietlo
1550 3004 1617 3061 co.

558 3080 704 3157 medere
721 3083 888 3177 cuiquam
913 3082 1121 3170 permittant
1136 3105 1146 3172 ;
1160 3077 1215 3155 sed
1230 3104 1275 3157 ne
1300 3080 1440 3159 aliunde
1464 3081 1614 3178 quiden

559 3183 764 3277 apportari.
791 3180 923 3256 nedum
946 3184 983 3254 in
1006 3180 1119 3256 mensa
1143 3183 1277 3279 apponi
1297 3186 1486 3279 patiantur.
1517 3178 1615 3277 Qul·

560 3299 708 3377 cunque
741 3294 828 3355 vero
854 3293 980 3355 contra
1004 3277 1187 3356 sanctionis
1212 3281 1318 3378 buluc
1357 3285 1471 3380 capita
1509 3283 1615 3379 quid·

559 3404 668 3478 quam
688 3380 836 3464 lecerit,
860 3381 887 3453 is
913 3382 1058 3475 poenisa
1087 3380 1268 3458 muldisve
1290 3385 1326 3457 in
1347 3382 1515 3459 locorum
1534 3386 1617 3479 pio·

559 3500 642 3557 tum
665 3479 764 3555 usum
776 3479 966 3574 erogandis
982 3527 991 3554 2
1007 3483 1043 3555 de
1059 3480 1232 3565 censuris,
1255 3480 1397 3578 aliisque
1417 3480 1614 3560 Canobum

558 3582 658 3674 iure,
684 3579 719 3653 da
745 3575 936 3674 pontificiis
963 3577 1314 3666 Constitutionibm,
1339 3584 1513 3678 omnique
1539 3578 1614 3659 alio

558 3677 676 3753 modo
701 3694 827 3753 contra
846 3674 1133 3776 Quadragelimae
1157 3679 1346 3756 violatores
1369 3680 1505 3758 sancitis
1524 3702 1617 3779 poe·

558 3779 614 3852 nis
634 3827 645 3853 ‚
667 3776 722 3851 vel
745 3775 840 3854 aliis,
864 3800 950 3875 quas
965 3800 1045 3872 apro
1056 3776 1214 3952 gersonae
1228 3782 1387 3860 ratione,
1415 3782 1452 3857 dt
1474 3780 1614 3879 culpaea

557 3879 840 3951 contumaeiaeve
859 3879 1033 3974 gravitate
1085 3874 1250 3976 piscopos
1263 3880 1431 3960 arbitratu
1449 3879 1612 3965 suoiro·

557 3976 691 4073 gandae
719 3973 917 4059 censuerit,
940 3971 1111 4053 afficiatur
1133 4029 1158 4064 ,.
1172 4022 1210 4066 n·

857 4106 1321 4221 RbGdLallt·

557 4286 615 4371 alb
633 4286 849 4368 ecelesiastici
862 4291 983 4386 jejunii
998 4292 1243 4371 observatione
1254 4291 1538 4376 Christianorum
1549 4309 1616 4377 rie'·

608 4402 671 4466 mo
692 4390 905 4484 dispensatur
926 4388 988 4466 nisr
1012 4395 1062 4469 ob
1082 4393 1319 4471 inevitabilem
1344 4395 1610 4487 necessitatem,

555 4498 578 4603 Ἰ
605 4492 713 4568 aetatia
736 4487 1073 4588 impossibilitatem,
1099 4504 1161 4571 aut
1176 4508 1322 4591 gravem
1341 4496 1606 4583 infirmitatem.

801 4604 804 4611 '
1502 4611 1559 4675 al·
