3792 5375
502 591 534 604 ··
685 557 755 653 De
781 534 1078 675 Decasogol'
1311 581 1370 670 97.

368 723 516 810 Dicitur
533 744 652 810 autem
670 730 789 808 Virtus
813 738 964 826 peccati,
986 732 1030 827 cr
1054 720 1254 808 ministerio
1276 752 1361 802 mor.
1378 718 1447 796 Quo
1464 717 1549 812 tenu

317 832 390 920 tis,
416 840 559 902 occidere
570 881 582 916 ,
604 837 689 903 iram
710 836 862 924 operari,
880 855 988 904 omncs
1004 827 1063 919 [ab
1078 851 1208 923 peccato
1235 830 1361 901 conclu.
1376 795 1555 942 &mm

315 933 416 1009 rere,
438 936 489 1009 ob
511 933 613 1008 asiam
636 935 810 1008 rationem
833 929 964 1030 ,quod
988 929 1147 1017 seilicet,
1173 929 1361 1010 occasione

316 1046 487 1127 accepta,
503 1054 550 1108 ex
573 1031 762 1108 hominum
777 1034 865 1109 vitio
880 1036 999 1108 divina
1013 1032 1093 1128 sego
1113 1034 1359 1122 abutentium,

313 1151 528 1233 peccatum,
551 1155 671 1218 niors.
695 1135 743 1206 ira
764 1127 869 1216 Dei,
898 1133 1079 1208 damnatio
1099 1130 1215 1226 segem
1237 1131 1361 1206 cons'e-

315 1249 495 1331 quantuc;
516 1254 589 1307 non
607 1232 708 1327 quod
731 1229 791 1308 lex
818 1248 1026 1327 peccatum.
1044 1247 1199 1308 mortem
1222 1233 1334 1313 ‚iram
1347 1280 1367 1320 2,

317 1334 587 1408 damnationem
610 1354 673 1428 pet
693 1331 833 1430 seipsam
853 1349 1032 1431 operetur.
1061 1321 1178 1426 Quod
1192 1328 1365 1427 significat

318 1429 446 1529 Apost.
460 1429 503 1507 ad
517 1429 668 1521 Rom.
682 1430 737 1507 his
754 1435 866 1508 verbis
880 1455 890 1508 t
905 1428 1070 1520 Orcufinue
1087 1453 1195 1501 currui
1212 1451 1340 1523 accepta
1354 1475 1367 1509 ,

316 1547 482 1626 peccatum
500 1550 560 1623 per
577 1540 765 1602 mandatum
784 1550 954 1625 operatum
978 1525 1022 1608 ess
1040 1534 1073 1599 in
1093 1554 1141 1601 me
1157 1554 1279 1601 omnem
1293 1553 1371 1601 con·

320 1633 548 1725 cupiscentum
565 1648 574 1705 t
598 1623 643 1707 Et
659 1632 767 1727 pauso
791 1629 892 1730 post:
909 1633 1004 1705 Nam
1023 1648 1190 1725 peceatum
1210 1624 1371 1717 occaftone

320 1729 451 1825 decepte
466 1750 526 1824 per
545 1737 757 1820 mandatum,
779 1733 912 1818 seduxit
925 1754 998 1817 me,
1012 1736 1122 1822 &per
1137 1729 1217 1801 isius
1237 1733 1372 1814 occisit,

320 1821 437 1931 Igitur
457 1883 513 1922 „„
537 1818 616 1907 Lex
630 1827 797 1919 dataest.
822 1847 863 1911 ut
884 1834 993 1929 gratia
1020 1845 1261 1929 quereretur:
1291 1852 1373 1927 gra·

323 1938 369 2011 tia
387 1930 467 2006 data
485 1930 555 2016 est.
568 1945 609 2006 ut
628 1930 686 2006 sex
707 1931 787 2008 data
805 1933 1023 2028 impieretur.
1052 1927 1183 2025 Neque
1200 1934 1294 2007 eninr
1307 1933 1372 2008 suo

322 2032 409 2107 uitio
428 2052 504 2107 non
529 2031 742 2125 implebatur
758 2031 847 2117 sex,
874 2030 931 2107 sed
961 2024 1049 2106 vitio
1065 2027 1261 2129 prudentie
1294 2051 1373 2104 car·

322 2133 399 2217 nist
430 2127 532 2225 quod
561 2133 684 2206 uitium
702 2155 764 2227 pet
792 2133 910 2228 legem
938 2127 1275 2214 demonstrandun12
1307 2145 1371 2223 pet

296 2234 297 2238 '
320 2230 471 2327 gratiani
493 2228 684 2306 sanandum
700 2229 768 2307 tuit
789 2285 845 2323 „„
873 2233 1061 2326 (inquiet.
1087 2230 1224 2326 Augus.
1241 2231 1300 2307 lib·
1314 2232 1374 2300 sse-

322 2333 474 2427 Sprritn‚
493 2330 537 2400 ὓ*
560 2333 785 2427 Litera,cap.
809 2329 899 2423 19.)
1144 2379 1155 2423 ,

374 2430 467 2507 Sane
493 2423 581 2514 lert,
608 2451 688 2525 quae
716 2428 1042 2526 concupiscentiam
1069 2448 1216 2508 omnem
1245 2423 1372 2526 prohi-

323 2525 406 2613 bet,
421 2525 600 2608 dicendos
622 2533 707 2600 Non
720 2528 937 2625 concupisces,
952 2548 1138 2625 peccatum
1161 2552 1271 2605 omne
1287 2551 1375 2626 pro·

325 2623 448 2707 hibere
465 2629 635 2706 censenda
657 2628 723 2718 est,
737 2652 822 2708 cum
841 2627 979 2707 nussum
1003 2649 1188 2726 peccatum
1204 2629 1265 2704 nisi
1286 2652 1378 2704 con·

326 2730 543 2830 cupiscendo
557 2747 683 2805 contra
703 2730 820 2827 segem
833 2726 903 2808 Dei
914 2736 1169 2808 committatur·
1197 2724 1298 2806 Hanc
1312 2729 1380 2823 igi·

326 2845 385 2906 tur
404 2827 431 2905 fi
452 2831 532 2927 quis
552 2829 771 2925 inpleverit,
792 2831 933 2908 nullum
958 2832 1099 2908 habebit
1115 2836 1269 2908 omnino
1293 2852 1378 2924 pec·

326 2944 461 3007 catum·
487 2980 509 3020 ‚,
528 2980 549 3019 „
577 2929 646 3005 Sed
668 2946 775 3002 tamen
797 2932 858 3008 ubi
880 2928 1016 3008 sanun!
1042 2955 1115 3006 non
1136 2930 1277 3019 adiuvat
1298 2929 1379 3019 Sps·

327 3032 416 3104 ritus
434 3084 445 3114 ,
465 3027 632 3128 inspirans
662 3029 1047 3128 proaeoncnpiseentia
1085 3026 1174 3104 mala
1203 3029 1380 3119 concupi·

327 3126 496 3204 scentiam
522 3136 677 3214 bonam‚
695 3131 768 3207 hoc
790 3132 861 3214 est,
878 3131 1083 3207 charitatem
1113 3123 1315 3203 diffundens
1341 3129 1378 3202 in

328 3228 497 3305 cordibus
526 3232 678 3316 nostris..
708 3228 868 3329 profesio
897 3231 952 3305 isla
978 3231 1230 3328 scitiquamvis
1261 3229 1377 3311 bona,

328 3342 439 3424 auget
471 3328 697 3424 prohibendo
726 3330 936 3406 desiderium
972 3329 1135 3409 mosum:
1162 3325 1248 3402 sicut
1278 3340 1379 3418 aquae

329 3429 488 3524 impetus
510 3426 535 3501 si
553 3431 589 3502 in
609 3454 686 3504 eam
707 3421 842 3523 partem
864 3454 938 3505 non
961 3427 1065 3504 cesset
1083 3421 1249 3515 influere,
1273 3425 1381 3500 vehe-

329 3529 487 3603 mentior
509 3525 549 3603 fit
571 3532 673 3604 obice
697 3529 892 3626 opposito,
918 3528 1018 3621 cnjus
1041 3530 1174 3603 mosem
1200 3548 1282 3604 curn
1306 3527 1381 3601 evi·

330 3629 451 3714 ecrit.
473 3628 606 3716 majore
636 3632 784 3706 cumulo
820 3633 1057 3727 precipitatus
1096 3622 1286 3703 violentius·
1316 3642 1380 3721 per

330 3748 449 3825 prona
479 3723 715 3825 provolvitur.
753 3726 882 3805 Nescio
918 3754 1024 3823 ,quo
1051 3733 1146 3805 enim
1175 3726 1288 3803 modo
1305 3723 1381 3801 boc
1520 3805 1524 3813 ,

332 3822 470 3921 ipsum,
495 3827 595 3921 quod
617 3830 907 3928 concupiscitur,
928 3828 967 3905 fit
984 3827 1196 3925 jucundius,
1213 3825 1299 3900 dum
1322 3846 1383 3896 ve·

332 3940 438 4002 tatur·
462 3920 508 4000 Et
528 3923 602 4001 boc
622 3928 692 4014 est,
717 3928 817 4028 quod
839 3929 925 4006 fallit
945 3946 1132 4026 peccatum
1153 3948 1214 4022 per
1238 3920 1384 3996 manda·

333 4039 438 4102 tum,
460 4026 497 4100 δι
523 4048 585 4122 pet
610 4027 693 4103 iilud
715 4029 876 4107 occidit,
902 4053 986 4110 cunr
1008 4027 1143 4105 accedit
1162 4026 1266 4099 etiam
1293 4040 1382 4115 prae·

333 4128 625 4222 infimumque
647 4127 741 4203 uulsa
760 4129 829 4214 est.
850 4130 909 4205 ubi
931 4130 989 4204 sex
1011 4149 1085 4204 non
1112 4124 1162 4199 est
1186 4175 1208 4213 „
1223 4172 1261 4211 „0
1290 4118 1381 4196 Ver·

335 4225 380 4301 ba
397 4221 478 4301 sunt
498 4230 531 4306 5.
545 4223 678 4318 ΑΒΜ·
695 4227 743 4304 lib
784 4231 839 4299 De
856 4230 1004 4318 Spiritu,
1021 4231 1062 4299 (θ’
1076 4229 1192 4297 Literu
1207 4269 1217 4306 ,
1231 4245 1305 4314 cap¹
1320 4242 1356 4310 4.

384 4318 461 4400 Lex
480 4344 581 4401 vetus
609 4348 628 4400 a
647 4325 730 4404 Deo
754 4325 832 4403 data
858 4327 927 4412 eu.
950 4327 1051 4422 quod
1073 4337 1198 4401 contra
1228 4322 1378 4397 biarcio
1399 4318 1459 4387 set
1482 4337 1500 4382 ¹
1522 4313 1587 4384 ⁰²·
1652 4346 1664 4365 ⁴

335 4425 449 4507 uitas,
467 4426 505 4499 ἃ
531 4423 776 4507 Manicheum
792 4428 885 4503 issam
906 4427 1001 4502 malo
1025 4427 1201 4524 principio
1226 4426 1381 4498 tribuen·
1398 4402 1475 4466 ‘¹³¹⁸‘

336 4538 415 4613 tes,
441 4521 546 4602 Fides
574 4527 748 4608 catholica
770 4525 890 4706 dogne.
920 4525 997 4605 Lex
1020 4530 1115 4604 enim
1136 4523 1298 4696 Dominis
1314 4524 1385 4617 pas·

882 4644 907 4702 2
1292 4645 1342 4695 im
