<?xml version="1.0" encoding="UTF-8"?>
<!DOCTYPE html PUBLIC "-//W3C//DTD XHTML 1.0 Transitional//EN"
    "http://www.w3.org/TR/xhtml1/DTD/xhtml1-transitional.dtd">
<html xmlns="http://www.w3.org/1999/xhtml" xml:lang="en" lang="en">
 <head>
  <title>
</title>
<meta http-equiv="Content-Type" content="text/html;charset=utf-8" />
  <meta name='ocr-system' content='tesseract 3.04.00' />
  <meta name='ocr-capabilities' content='ocr_page ocr_carea ocr_par ocr_line ocrx_word'/>
</head>
<body>
  <div class='ocr_page' id='page_1' title='image "./theologiadogmat08alexgoog_0216.png"; bbox 0 0 3792 5375; ppageno 0'>
   <div class='ocr_carea' id='block_1_1' title="bbox 462 513 1460 681">
    <p class='ocr_par' dir='ltr' id='par_1_1' title="bbox 462 513 1460 681">
     <span class='ocr_line' id='line_1_1' title="bbox 462 513 1460 681; baseline 0.013 -35"><span class='ocrx_word' id='word_1_1' title='bbox 462 557 534 660; x_wconf 86' lang='lat' dir='ltr'>De</span> <span class='ocrx_word' id='word_1_2' title='bbox 563 561 702 675; x_wconf 85' lang='lat' dir='ltr'>primo</span> <span class='ocrx_word' id='word_1_3' title='bbox 727 553 932 675; x_wconf 84' lang='lat' dir='ltr'>Decalogi</span> <span class='ocrx_word' id='word_1_4' title='bbox 957 575 1186 679; x_wconf 69' lang='lat' dir='ltr'>preceptor</span> <span class='ocrx_word' id='word_1_5' title='bbox 1283 569 1374 681; x_wconf 63' lang='grc' dir='ltr'>αις]</span> <span class='ocrx_word' id='word_1_6' title='bbox 1457 513 1460 520; x_wconf 25' lang='lat'><strong>¹</strong></span> 
     </span>
    </p>
   </div>
   <div class='ocr_carea' id='block_1_2' title="bbox 310 729 1373 936">
    <p class='ocr_par' dir='ltr' id='par_1_2' title="bbox 310 729 1373 936">
     <span class='ocr_line' id='line_1_2' title="bbox 310 729 1373 840; baseline 0.007 -29"><span class='ocrx_word' id='word_1_7' title='bbox 310 757 392 810; x_wconf 78' lang='lat' dir='ltr'>aum</span> <span class='ocrx_word' id='word_1_8' title='bbox 408 730 571 820; x_wconf 75' lang='lat' dir='ltr'>inclusam</span> <span class='ocrx_word' id='word_1_9' title='bbox 589 729 691 821; x_wconf 83' lang='lat' dir='ltr'>data,</span> <span class='ocrx_word' id='word_1_10' title='bbox 711 737 773 833; x_wconf 91' lang='lat' dir='ltr'>qui</span> <span class='ocrx_word' id='word_1_11' title='bbox 794 731 921 810; x_wconf 88' lang='lat' dir='ltr'>Christi</span> <span class='ocrx_word' id='word_1_12' title='bbox 936 737 1127 813; x_wconf 77' lang='lat' dir='ltr'>imaoinem</span> <span class='ocrx_word' id='word_1_13' title='bbox 1139 737 1184 814; x_wconf 90' lang='lat' dir='ltr'>ab</span> <span class='ocrx_word' id='word_1_14' title='bbox 1206 738 1283 836; x_wconf 87' lang='lat' dir='ltr'>ipso</span> <span class='ocrx_word' id='word_1_15' title='bbox 1303 763 1373 840; x_wconf 89' lang='lat' dir='ltr'>pu·</span> 
     </span>
     <span class='ocr_line' id='line_1_3' title="bbox 313 795 1371 936; baseline 0.002 -20"><span class='ocrx_word' id='word_1_16' title='bbox 313 837 524 920; x_wconf 82' lang='lat' dir='ltr'>stularerat,</span> <span class='ocrx_word' id='word_1_17' title='bbox 543 832 686 912; x_wconf 84' lang='lat' dir='ltr'>scribit:</span> <span class='ocrx_word' id='word_1_18' title='bbox 711 891 733 927; x_wconf 88' lang='lat'>„</span> <span class='ocrx_word' id='word_1_19' title='bbox 751 891 773 926; x_wconf 90' lang='lat'><strong>„</strong></span> <span class='ocrx_word' id='word_1_20' title='bbox 805 829 921 916; x_wconf 85' lang='lat' dir='ltr'>Valde</span> <span class='ocrx_word' id='word_1_21' title='bbox 953 795 1058 913; x_wconf 63' lang='lat' dir='ltr'>nossir</span> <span class='ocrx_word' id='word_1_22' title='bbox 1088 838 1281 936; x_wconf 84' lang='lat' dir='ltr'>postulatio</span> <span class='ocrx_word' id='word_1_23' title='bbox 1308 857 1371 924; x_wconf 85' lang='lat' dir='ltr'>tua</span> 
     </span>
    </p>
   </div>
   <div class='ocr_carea' id='block_1_3' title="bbox 242 934 1455 4737">
    <p class='ocr_par' dir='ltr' id='par_1_3' title="bbox 315 934 1455 3344">
     <span class='ocr_line' id='line_1_4' title="bbox 316 934 1370 1038; baseline 0.005 -25"><span class='ocrx_word' id='word_1_24' title='bbox 316 939 477 1036; x_wconf 79' lang='lat' dir='ltr'>placuit3</span> <span class='ocrx_word' id='word_1_25' title='bbox 495 936 578 1032; x_wconf 90' lang='lat' dir='ltr'>quia</span> <span class='ocrx_word' id='word_1_26' title='bbox 594 934 694 1012; x_wconf 92' lang='lat' dir='ltr'>illum</span> <span class='ocrx_word' id='word_1_27' title='bbox 717 934 947 1030; x_wconf 84' lang='lat' dir='ltr'>totocorde,</span> <span class='ocrx_word' id='word_1_28' title='bbox 965 951 1041 1012; x_wconf 89' lang='lat' dir='ltr'>tota</span> <span class='ocrx_word' id='word_1_29' title='bbox 1062 940 1261 1034; x_wconf 73' lang='lat' dir='ltr'>intentione</span> <span class='ocrx_word' id='word_1_30' title='bbox 1274 965 1370 1038; x_wconf 62' lang='lat' dir='ltr'>quaa,</span> 
     </span>
     <span class='ocr_line' id='line_1_5' title="bbox 315 1033 1367 1146; baseline 0 -30"><span class='ocrx_word' id='word_1_31' title='bbox 315 1043 387 1116; x_wconf 87' lang='lat' dir='ltr'>ris,</span> <span class='ocrx_word' id='word_1_32' title='bbox 409 1036 515 1130; x_wconf 85' lang='lat' dir='ltr'>cujus</span> <span class='ocrx_word' id='word_1_33' title='bbox 544 1038 737 1133; x_wconf 83' lang='lat' dir='ltr'>imaginem</span> <span class='ocrx_word' id='word_1_34' title='bbox 768 1059 840 1132; x_wconf 74' lang='lat' dir='ltr'>praa</span> <span class='ocrx_word' id='word_1_35' title='bbox 874 1036 988 1112; x_wconf 89' lang='lat' dir='ltr'>oculis</span> <span class='ocrx_word' id='word_1_36' title='bbox 1014 1036 1142 1115; x_wconf 85' lang='lat' dir='ltr'>habere</span> <span class='ocrx_word' id='word_1_37' title='bbox 1171 1033 1367 1146; x_wconf 72' lang='lat' dir='ltr'>deiideras&#39;,</span> 
     </span>
     <span class='ocr_line' id='line_1_6' title="bbox 316 1135 1370 1251; baseline 0.001 -33"><span class='ocrx_word' id='word_1_38' title='bbox 316 1153 361 1220; x_wconf 90' lang='lat' dir='ltr'>ut</span> <span class='ocrx_word' id='word_1_39' title='bbox 379 1154 414 1215; x_wconf 88' lang='lat' dir='ltr'>te</span> <span class='ocrx_word' id='word_1_40' title='bbox 427 1135 517 1225; x_wconf 79' lang='lat' dir='ltr'>visto</span> <span class='ocrx_word' id='word_1_41' title='bbox 527 1136 726 1233; x_wconf 79' lang='lat' dir='ltr'>corporalis</span> <span class='ocrx_word' id='word_1_42' title='bbox 742 1135 947 1236; x_wconf 85' lang='lat' dir='ltr'>quotidiana</span> <span class='ocrx_word' id='word_1_43' title='bbox 971 1137 1097 1241; x_wconf 82' lang='lat' dir='ltr'>reddat</span> <span class='ocrx_word' id='word_1_44' title='bbox 1111 1146 1370 1251; x_wconf 70' lang='lat' dir='ltr'>exercitatum,</span> 
     </span>
     <span class='ocr_line' id='line_1_7' title="bbox 315 1227 1374 1336; baseline -0.006 -20"><span class='ocrx_word' id='word_1_45' title='bbox 315 1255 360 1318; x_wconf 88' lang='lat' dir='ltr'>ut</span> <span class='ocrx_word' id='word_1_46' title='bbox 380 1239 468 1326; x_wconf 71' lang='lat' dir='ltr'>dum</span> <span class='ocrx_word' id='word_1_47' title='bbox 491 1239 664 1336; x_wconf 77' lang='lat' dir='ltr'>pilluram</span> <span class='ocrx_word' id='word_1_48' title='bbox 684 1227 774 1313; x_wconf 89' lang='lat' dir='ltr'>illius</span> <span class='ocrx_word' id='word_1_49' title='bbox 795 1239 913 1321; x_wconf 85' lang='lat' dir='ltr'>vides,</span> <span class='ocrx_word' id='word_1_50' title='bbox 939 1231 984 1313; x_wconf 87' lang='lat' dir='ltr'>ad</span> <span class='ocrx_word' id='word_1_51' title='bbox 1011 1238 1109 1320; x_wconf 89' lang='lat' dir='ltr'>illurn</span> <span class='ocrx_word' id='word_1_52' title='bbox 1133 1245 1255 1324; x_wconf 86' lang='lat' dir='ltr'>animo</span> <span class='ocrx_word' id='word_1_53' title='bbox 1278 1245 1374 1322; x_wconf 86' lang='lat' dir='ltr'>inas.</span> 
     </span>
     <span class='ocr_line' id='line_1_8' title="bbox 317 1336 1372 1438; baseline 0.004 -24"><span class='ocrx_word' id='word_1_54' title='bbox 317 1336 458 1434; x_wconf 84' lang='lat' dir='ltr'>deleas,</span> <span class='ocrx_word' id='word_1_55' title='bbox 478 1341 579 1432; x_wconf 87' lang='lat' dir='ltr'>cujus</span> <span class='ocrx_word' id='word_1_56' title='bbox 598 1338 790 1433; x_wconf 78' lang='lat' dir='ltr'><strong>imaginem</strong></span> <span class='ocrx_word' id='word_1_57' title='bbox 809 1336 928 1412; x_wconf 88' lang='lat' dir='ltr'>videre</span> <span class='ocrx_word' id='word_1_58' title='bbox 939 1337 1122 1418; x_wconf 82' lang='lat' dir='ltr'>delideras.</span> <span class='ocrx_word' id='word_1_59' title='bbox 1150 1342 1222 1418; x_wconf 87' lang='lat' dir='ltr'>Abs</span> <span class='ocrx_word' id='word_1_60' title='bbox 1236 1365 1275 1418; x_wconf 89' lang='lat' dir='ltr'>re</span> <span class='ocrx_word' id='word_1_61' title='bbox 1292 1337 1372 1438; x_wconf 81' lang='lat' dir='ltr'>non</span> 
     </span>
     <span class='ocr_line' id='line_1_9' title="bbox 317 1433 1373 1537; baseline 0.002 -21"><span class='ocrx_word' id='word_1_62' title='bbox 317 1433 529 1520; x_wconf 68' lang='lat' dir='ltr'>{acimumli</span> <span class='ocrx_word' id='word_1_63' title='bbox 551 1460 617 1537; x_wconf 85' lang='lat' dir='ltr'>per</span> <span class='ocrx_word' id='word_1_64' title='bbox 637 1436 779 1514; x_wconf 85' lang='lat' dir='ltr'>vifibilia</span> <span class='ocrx_word' id='word_1_65' title='bbox 792 1435 972 1516; x_wconf 80' lang='lat' dir='ltr'>invisibilia</span> <span class='ocrx_word' id='word_1_66' title='bbox 992 1436 1287 1519; x_wconf 83' lang='lat' dir='ltr'>demonstramus·</span> <span class='ocrx_word' id='word_1_67' title='bbox 1312 1441 1373 1532; x_wconf 78' lang='lat' dir='ltr'>Sic</span> 
     </span>
     <span class='ocr_line' id='line_1_10' title="bbox 321 1533 1375 1640; baseline 0.002 -24"><span class='ocrx_word' id='word_1_68' title='bbox 321 1539 455 1625; x_wconf 84' lang='lat' dir='ltr'>homo,</span> <span class='ocrx_word' id='word_1_69' title='bbox 472 1537 653 1638; x_wconf 87' lang='lat' dir='ltr'>quialium</span> <span class='ocrx_word' id='word_1_70' title='bbox 673 1539 835 1614; x_wconf 83' lang='lat' dir='ltr'>ardenter</span> <span class='ocrx_word' id='word_1_71' title='bbox 846 1536 966 1615; x_wconf 86' lang='lat' dir='ltr'>videre</span> <span class='ocrx_word' id='word_1_72' title='bbox 982 1538 1172 1630; x_wconf 83' lang='lat' dir='ltr'>desiderat,</span> <span class='ocrx_word' id='word_1_73' title='bbox 1190 1558 1252 1621; x_wconf 89' lang='lat' dir='ltr'>aut</span> <span class='ocrx_word' id='word_1_74' title='bbox 1264 1533 1375 1640; x_wconf 71' lang='lat' dir='ltr'>spon2</span> 
     </span>
     <span class='ocr_line' id='line_1_11' title="bbox 320 1635 1374 1744; baseline 0.003 -28"><span class='ocrx_word' id='word_1_75' title='bbox 320 1639 392 1716; x_wconf 83' lang='lat' dir='ltr'>lam</span> <span class='ocrx_word' id='word_1_76' title='bbox 413 1661 556 1726; x_wconf 84' lang='lat' dir='ltr'>amans,</span> <span class='ocrx_word' id='word_1_77' title='bbox 586 1637 708 1715; x_wconf 80' lang='lat' dir='ltr'>uidere</span> <span class='ocrx_word' id='word_1_78' title='bbox 740 1635 968 1722; x_wconf 82' lang='lat' dir='ltr'>conatur,s1</span> <span class='ocrx_word' id='word_1_79' title='bbox 995 1641 1186 1737; x_wconf 88' lang='lat' dir='ltr'>contigerit</span> <span class='ocrx_word' id='word_1_80' title='bbox 1213 1667 1291 1719; x_wconf 86' lang='lat' dir='ltr'>eam</span> <span class='ocrx_word' id='word_1_81' title='bbox 1325 1639 1374 1744; x_wconf 68' lang='lat' dir='ltr'>aii</span> 
     </span>
     <span class='ocr_line' id='line_1_12' title="bbox 319 1736 1375 1842; baseline 0.003 -26"><span class='ocrx_word' id='word_1_82' title='bbox 319 1740 512 1822; x_wconf 82' lang='lat' dir='ltr'>balneum,</span> <span class='ocrx_word' id='word_1_83' title='bbox 534 1736 659 1815; x_wconf 86' lang='lat' dir='ltr'>autad</span> <span class='ocrx_word' id='word_1_84' title='bbox 677 1737 866 1818; x_wconf 78' lang='lat' dir='ltr'>Ecclesiam</span> <span class='ocrx_word' id='word_1_85' title='bbox 890 1740 963 1822; x_wconf 89' lang='lat' dir='ltr'>ire,</span> <span class='ocrx_word' id='word_1_86' title='bbox 985 1741 1098 1817; x_wconf 86' lang='lat' dir='ltr'>statim</span> <span class='ocrx_word' id='word_1_87' title='bbox 1124 1765 1185 1836; x_wconf 86' lang='lat' dir='ltr'>per</span> <span class='ocrx_word' id='word_1_88' title='bbox 1209 1747 1300 1819; x_wconf 88' lang='lat' dir='ltr'>viam</span> <span class='ocrx_word' id='word_1_89' title='bbox 1317 1747 1375 1842; x_wconf 80' lang='lat' dir='ltr'>in-</span> 
     </span>
     <span class='ocr_line' id='line_1_13' title="bbox 320 1838 1373 1936; baseline 0.001 -20"><span class='ocrx_word' id='word_1_90' title='bbox 320 1839 461 1916; x_wconf 85' lang='lat' dir='ltr'>cedenti</span> <span class='ocrx_word' id='word_1_91' title='bbox 481 1838 515 1915; x_wconf 85' lang='lat' dir='ltr'>le</span> <span class='ocrx_word' id='word_1_92' title='bbox 540 1858 734 1936; x_wconf 68' lang='lat' dir='ltr'>praeparat,</span> <span class='ocrx_word' id='word_1_93' title='bbox 753 1855 793 1916; x_wconf 92' lang='lat' dir='ltr'>ut</span> <span class='ocrx_word' id='word_1_94' title='bbox 817 1842 862 1914; x_wconf 89' lang='lat' dir='ltr'>de</span> <span class='ocrx_word' id='word_1_95' title='bbox 884 1840 1020 1916; x_wconf 80' lang='lat' dir='ltr'>visione</span> <span class='ocrx_word' id='word_1_96' title='bbox 1036 1844 1111 1930; x_wconf 86' lang='lat' dir='ltr'>eius</span> <span class='ocrx_word' id='word_1_97' title='bbox 1135 1841 1250 1917; x_wconf 87' lang='lat' dir='ltr'>hilaris</span> <span class='ocrx_word' id='word_1_98' title='bbox 1273 1865 1373 1918; x_wconf 89' lang='lat' dir='ltr'>rece·</span> 
     </span>
     <span class='ocr_line' id='line_1_14' title="bbox 320 1939 1375 2038; baseline 0.002 -22"><span class='ocrx_word' id='word_1_99' title='bbox 320 1941 396 2023; x_wconf 71' lang='lat' dir='ltr'>dat</span> <span class='ocrx_word' id='word_1_100' title='bbox 422 1939 508 2017; x_wconf 86' lang='lat' dir='ltr'>Scio</span> <span class='ocrx_word' id='word_1_101' title='bbox 528 1943 696 2036; x_wconf 87' lang='lat' dir='ltr'>quidem,</span> <span class='ocrx_word' id='word_1_102' title='bbox 717 1939 818 2038; x_wconf 90' lang='lat' dir='ltr'>quod</span> <span class='ocrx_word' id='word_1_103' title='bbox 841 1942 1034 2038; x_wconf 76' lang='lat' dir='ltr'>imaginem</span> <span class='ocrx_word' id='word_1_104' title='bbox 1054 1941 1242 2017; x_wconf 79' lang='lat' dir='ltr'>Salvatoris</span> <span class='ocrx_word' id='word_1_105' title='bbox 1263 1942 1375 2038; x_wconf 78' lang='lat' dir='ltr'>nostri</span> 
     </span>
     <span class='ocr_line' id='line_1_15' title="bbox 322 2037 1376 2141; baseline 0.001 -25"><span class='ocrx_word' id='word_1_106' title='bbox 322 2063 400 2116; x_wconf 94' lang='lat' dir='ltr'>non</span> <span class='ocrx_word' id='word_1_107' title='bbox 425 2039 507 2122; x_wconf 87' lang='lat' dir='ltr'>ideo</span> <span class='ocrx_word' id='word_1_108' title='bbox 529 2043 649 2136; x_wconf 92' lang='lat' dir='ltr'>petis,</span> <span class='ocrx_word' id='word_1_109' title='bbox 676 2055 718 2118; x_wconf 92' lang='lat' dir='ltr'>ut</span> <span class='ocrx_word' id='word_1_110' title='bbox 741 2037 838 2141; x_wconf 72' lang='lat' dir='ltr'>quasi</span> <span class='ocrx_word' id='word_1_111' title='bbox 865 2038 988 2118; x_wconf 89' lang='lat' dir='ltr'>Deum</span> <span class='ocrx_word' id='word_1_112' title='bbox 1017 2041 1113 2117; x_wconf 87' lang='lat' dir='ltr'>colas</span> <span class='ocrx_word' id='word_1_113' title='bbox 1131 2089 1143 2125; x_wconf 95' lang='lat'>,</span> <span class='ocrx_word' id='word_1_114' title='bbox 1161 2039 1218 2119; x_wconf 87' lang='lat' dir='ltr'>sed</span> <span class='ocrx_word' id='word_1_115' title='bbox 1243 2044 1293 2124; x_wconf 83' lang='lat' dir='ltr'>ola</span> <span class='ocrx_word' id='word_1_116' title='bbox 1319 2065 1376 2131; x_wconf 82' lang='lat' dir='ltr'>re,</span> 
     </span>
     <span class='ocr_line' id='line_1_16' title="bbox 321 2140 1455 2233; baseline 0.004 -18"><span class='ocrx_word' id='word_1_117' title='bbox 321 2140 571 2218; x_wconf 88' lang='lat' dir='ltr'>cordationem</span> <span class='ocrx_word' id='word_1_118' title='bbox 597 2140 657 2220; x_wconf 88' lang='lat' dir='ltr'>filii</span> <span class='ocrx_word' id='word_1_119' title='bbox 679 2141 750 2220; x_wconf 89' lang='lat' dir='ltr'>Dei</span> <span class='ocrx_word' id='word_1_120' title='bbox 773 2144 808 2217; x_wconf 95' lang='lat' dir='ltr'>in</span> <span class='ocrx_word' id='word_1_121' title='bbox 830 2141 903 2233; x_wconf 79' lang='lat' dir='ltr'>eius</span> <span class='ocrx_word' id='word_1_122' title='bbox 929 2165 1051 2218; x_wconf 89' lang='lat' dir='ltr'>amore</span> <span class='ocrx_word' id='word_1_123' title='bbox 1084 2141 1290 2229; x_wconf 78' lang='lat' dir='ltr'>recalescas,</span> <span class='ocrx_word' id='word_1_124' title='bbox 1313 2165 1379 2220; x_wconf 85' lang='lat' dir='ltr'>cu·</span> <span class='ocrx_word' id='word_1_125' title='bbox 1451 2149 1455 2160; x_wconf 88' lang='lat'>&#39;</span> 
     </span>
     <span class='ocr_line' id='line_1_17' title="bbox 321 2238 1378 2342; baseline 0.005 -27"><span class='ocrx_word' id='word_1_126' title='bbox 321 2242 378 2334; x_wconf 87' lang='lat' dir='ltr'>jus</span> <span class='ocrx_word' id='word_1_127' title='bbox 398 2243 592 2338; x_wconf 81' lang='lat' dir='ltr'>imaginem</span> <span class='ocrx_word' id='word_1_128' title='bbox 617 2242 735 2320; x_wconf 87' lang='lat' dir='ltr'>videre</span> <span class='ocrx_word' id='word_1_129' title='bbox 758 2238 939 2327; x_wconf 82' lang='lat' dir='ltr'>defideras·</span> <span class='ocrx_word' id='word_1_130' title='bbox 966 2240 1010 2320; x_wconf 77' lang='lat' dir='ltr'>Et</span> <span class='ocrx_word' id='word_1_131' title='bbox 1034 2265 1102 2317; x_wconf 86' lang='lat' dir='ltr'>nos</span> <span class='ocrx_word' id='word_1_132' title='bbox 1123 2241 1270 2342; x_wconf 89' lang='lat' dir='ltr'>quidem</span> <span class='ocrx_word' id='word_1_133' title='bbox 1298 2264 1378 2338; x_wconf 79' lang='lat' dir='ltr'>non</span> 
     </span>
     <span class='ocr_line' id='line_1_18' title="bbox 322 2339 1378 2444; baseline 0.002 -28"><span class='ocrx_word' id='word_1_134' title='bbox 322 2339 420 2437; x_wconf 86' lang='lat' dir='ltr'>quali</span> <span class='ocrx_word' id='word_1_135' title='bbox 444 2359 526 2418; x_wconf 85' lang='lat' dir='ltr'>ante</span> <span class='ocrx_word' id='word_1_136' title='bbox 552 2341 892 2422; x_wconf 81' lang='lat' dir='ltr'>divinitateni,ante</span> <span class='ocrx_word' id='word_1_137' title='bbox 914 2341 1009 2418; x_wconf 89' lang='lat' dir='ltr'>illam</span> <span class='ocrx_word' id='word_1_138' title='bbox 1025 2343 1301 2438; x_wconf 84' lang='lat' dir='ltr'>prollernimur;</span> <span class='ocrx_word' id='word_1_139' title='bbox 1317 2340 1378 2444; x_wconf 70' lang='lat' dir='ltr'>seii</span> 
     </span>
     <span class='ocr_line' id='line_1_19' title="bbox 320 2439 1379 2544; baseline 0.008 -28"><span class='ocrx_word' id='word_1_140' title='bbox 320 2439 422 2517; x_wconf 88' lang='lat' dir='ltr'>illum</span> <span class='ocrx_word' id='word_1_141' title='bbox 450 2440 663 2544; x_wconf 84' lang='lat' dir='ltr'>adoramus,</span> <span class='ocrx_word' id='word_1_142' title='bbox 686 2464 794 2541; x_wconf 87' lang='lat' dir='ltr'>quem</span> <span class='ocrx_word' id='word_1_143' title='bbox 816 2464 878 2535; x_wconf 89' lang='lat' dir='ltr'>per</span> <span class='ocrx_word' id='word_1_144' title='bbox 897 2445 1115 2539; x_wconf 78' lang='lat' dir='ltr'>imaginem,</span> <span class='ocrx_word' id='word_1_145' title='bbox 1139 2461 1200 2532; x_wconf 86' lang='lat' dir='ltr'>aut</span> <span class='ocrx_word' id='word_1_146' title='bbox 1226 2462 1379 2525; x_wconf 74' lang='lat' dir='ltr'>natum,</span> 
     </span>
     <span class='ocr_line' id='line_1_20' title="bbox 322 2538 1381 2640; baseline 0.002 -25"><span class='ocrx_word' id='word_1_147' title='bbox 322 2555 386 2629; x_wconf 83' lang='lat' dir='ltr'>aut</span> <span class='ocrx_word' id='word_1_148' title='bbox 398 2538 724 2640; x_wconf 78' lang='lat' dir='ltr'>palium,led&amp;in</span> <span class='ocrx_word' id='word_1_149' title='bbox 737 2541 1063 2640; x_wconf 77' lang='lat' dir='ltr'>thropoledentem</span> <span class='ocrx_word' id='word_1_150' title='bbox 1076 2545 1305 2624; x_wconf 85' lang='lat' dir='ltr'>recordamur</span> <span class='ocrx_word' id='word_1_151' title='bbox 1317 2587 1381 2635; x_wconf 82' lang='lat'>„„,</span> 
     </span>
     <span class='ocr_line' id='line_1_21' title="bbox 323 2636 1382 2745; baseline 0.004 -22"><span class='ocrx_word' id='word_1_152' title='bbox 323 2636 413 2723; x_wconf 88' lang='lat' dir='ltr'>Uno</span> <span class='ocrx_word' id='word_1_153' title='bbox 436 2643 569 2725; x_wconf 82' lang='lat' dir='ltr'>verbo,</span> <span class='ocrx_word' id='word_1_154' title='bbox 590 2643 628 2717; x_wconf 69' lang='grc' dir='ltr'>ἃ</span> <span class='ocrx_word' id='word_1_155' title='bbox 650 2642 779 2720; x_wconf 86' lang='lat' dir='ltr'>Christi</span> <span class='ocrx_word' id='word_1_156' title='bbox 798 2639 987 2720; x_wconf 87' lang='lat' dir='ltr'>Salvatoris</span> <span class='ocrx_word' id='word_1_157' title='bbox 1000 2646 1218 2745; x_wconf 73' lang='lat' dir='ltr'>imaginem,</span> <span class='ocrx_word' id='word_1_158' title='bbox 1235 2647 1272 2721; x_wconf 71' lang='grc' dir='ltr'>δι</span> <span class='ocrx_word' id='word_1_159' title='bbox 1298 2668 1382 2727; x_wconf 88' lang='lat' dir='ltr'>cru·</span> 
     </span>
     <span class='ocr_line' id='line_1_22' title="bbox 325 2743 1381 2843; baseline 0.004 -27"><span class='ocrx_word' id='word_1_160' title='bbox 325 2762 431 2828; x_wconf 83' lang='lat' dir='ltr'>cem,</span> <span class='ocrx_word' id='word_1_161' title='bbox 455 2766 562 2840; x_wconf 89' lang='lat' dir='ltr'>quam</span> <span class='ocrx_word' id='word_1_162' title='bbox 581 2744 645 2839; x_wconf 88' lang='lat' dir='ltr'>suo</span> <span class='ocrx_word' id='word_1_163' title='bbox 666 2743 833 2843; x_wconf 85' lang='lat' dir='ltr'>sanguine</span> <span class='ocrx_word' id='word_1_164' title='bbox 855 2746 1096 2830; x_wconf 87' lang='lat' dir='ltr'>consecravit,</span> <span class='ocrx_word' id='word_1_165' title='bbox 1117 2745 1261 2843; x_wconf 83' lang='lat' dir='ltr'>ejusque</span> <span class='ocrx_word' id='word_1_166' title='bbox 1286 2743 1381 2840; x_wconf 82' lang='lat' dir='ltr'>figu-</span> 
     </span>
     <span class='ocr_line' id='line_1_23' title="bbox 326 2840 1381 2941; baseline -0.006 -21"><span class='ocrx_word' id='word_1_167' title='bbox 326 2843 466 2925; x_wconf 81' lang='lat' dir='ltr'>ras„&amp;</span> <span class='ocrx_word' id='word_1_168' title='bbox 490 2840 587 2941; x_wconf 84' lang='lat' dir='ltr'>ligna</span> <span class='ocrx_word' id='word_1_169' title='bbox 611 2866 845 2920; x_wconf 83' lang='lat' dir='ltr'>veneramur:</span> <span class='ocrx_word' id='word_1_170' title='bbox 868 2847 954 2915; x_wconf 84' lang='lat' dir='ltr'>Noa</span> <span class='ocrx_word' id='word_1_171' title='bbox 974 2844 1078 2913; x_wconf 77' lang='lat' dir='ltr'>latria</span> <span class='ocrx_word' id='word_1_172' title='bbox 1089 2874 1102 2924; x_wconf 91' lang='lat'>,·</span> <span class='ocrx_word' id='word_1_173' title='bbox 1115 2845 1171 2930; x_wconf 81' lang='lat' dir='ltr'>sed</span> <span class='ocrx_word' id='word_1_174' title='bbox 1185 2843 1381 2925; x_wconf 78' lang='lat' dir='ltr'>habitudine</span> 
     </span>
     <span class='ocr_line' id='line_1_24' title="bbox 323 2936 1381 3043; baseline -0.003 -23"><span class='ocrx_word' id='word_1_175' title='bbox 323 2936 396 3037; x_wconf 90' lang='lat' dir='ltr'>(ut</span> <span class='ocrx_word' id='word_1_176' title='bbox 418 2941 579 3041; x_wconf 88' lang='lat' dir='ltr'>loquitur</span> <span class='ocrx_word' id='word_1_177' title='bbox 599 2944 744 3043; x_wconf 87' lang='lat' dir='ltr'>septima</span> <span class='ocrx_word' id='word_1_178' title='bbox 767 2943 936 3041; x_wconf 84' lang='lat' dir='ltr'>Synodus</span> <span class='ocrx_word' id='word_1_179' title='bbox 958 2945 1154 3040; x_wconf 84' lang='lat' dir='ltr'>generalis)</span> <span class='ocrx_word' id='word_1_180' title='bbox 1182 2945 1216 3020; x_wconf 89' lang='lat' dir='ltr'>id</span> <span class='ocrx_word' id='word_1_181' title='bbox 1244 2944 1313 3028; x_wconf 90' lang='lat' dir='ltr'>est,</span> <span class='ocrx_word' id='word_1_182' title='bbox 1332 2965 1381 3039; x_wconf 84' lang='lat' dir='ltr'>eo</span> 
     </span>
     <span class='ocr_line' id='line_1_25' title="bbox 326 3041 1377 3145; baseline 0.001 -26"><span class='ocrx_word' id='word_1_183' title='bbox 326 3041 455 3128; x_wconf 87' lang='lat' dir='ltr'>cultu,</span> <span class='ocrx_word' id='word_1_184' title='bbox 481 3046 518 3119; x_wconf 91' lang='lat'>&amp;</span> <span class='ocrx_word' id='word_1_185' title='bbox 552 3043 717 3129; x_wconf 89' lang='lat' dir='ltr'>honore,</span> <span class='ocrx_word' id='word_1_186' title='bbox 749 3048 810 3139; x_wconf 89' lang='lat' dir='ltr'>qui</span> <span class='ocrx_word' id='word_1_187' title='bbox 840 3046 885 3120; x_wconf 90' lang='lat' dir='ltr'>ad</span> <span class='ocrx_word' id='word_1_188' title='bbox 921 3059 1163 3145; x_wconf 79' lang='lat' dir='ltr'>prototypum</span> <span class='ocrx_word' id='word_1_189' title='bbox 1196 3045 1377 3121; x_wconf 76' lang='lat' dir='ltr'>referatur.</span> 
     </span>
     <span class='ocr_line' id='line_1_26' title="bbox 327 3140 1384 3238; baseline -0.006 -16"><span class='ocrx_word' id='word_1_190' title='bbox 327 3142 375 3223; x_wconf 87' lang='lat' dir='ltr'>Et</span> <span class='ocrx_word' id='word_1_191' title='bbox 406 3167 489 3221; x_wconf 91' lang='lat' dir='ltr'>cum</span> <span class='ocrx_word' id='word_1_192' title='bbox 515 3140 649 3220; x_wconf 80' lang='lat' dir='ltr'>Fideles</span> <span class='ocrx_word' id='word_1_193' title='bbox 674 3167 798 3219; x_wconf 88' lang='lat' dir='ltr'>coram</span> <span class='ocrx_word' id='word_1_194' title='bbox 823 3141 955 3219; x_wconf 85' lang='lat' dir='ltr'>Christi</span> <span class='ocrx_word' id='word_1_195' title='bbox 976 3194 986 3226; x_wconf 95' lang='lat'>,</span> <span class='ocrx_word' id='word_1_196' title='bbox 1009 3142 1171 3236; x_wconf 84' lang='lat' dir='ltr'>Deiparae</span> <span class='ocrx_word' id='word_1_197' title='bbox 1193 3144 1384 3238; x_wconf 86' lang='lat' dir='ltr'>Virginis,</span> 
     </span>
     <span class='ocr_line' id='line_1_27' title="bbox 328 3244 1381 3344; baseline -0.005 -20"><span class='ocrx_word' id='word_1_198' title='bbox 328 3262 390 3329; x_wconf 89' lang='lat' dir='ltr'>aut</span> <span class='ocrx_word' id='word_1_199' title='bbox 413 3244 624 3329; x_wconf 73' lang='lat' dir='ltr'>Saniiornm</span> <span class='ocrx_word' id='word_1_200' title='bbox 646 3245 858 3340; x_wconf 82' lang='lat' dir='ltr'>imaginibus</span> <span class='ocrx_word' id='word_1_201' title='bbox 873 3247 1144 3339; x_wconf 90' lang='lat' dir='ltr'>procumbunt,</span> <span class='ocrx_word' id='word_1_202' title='bbox 1170 3245 1224 3330; x_wconf 87' lang='lat' dir='ltr'>vel</span> <span class='ocrx_word' id='word_1_203' title='bbox 1253 3262 1381 3344; x_wconf 77' lang='lat' dir='ltr'>orant,</span> 
     </span>
    </p>

    <p class='ocr_par' dir='ltr' id='par_1_4' title="bbox 242 3343 1385 3459">
     <span class='ocr_line' id='line_1_28' title="bbox 242 3343 1385 3459; baseline -0.003 -37"><span class='ocrx_word' id='word_1_204' title='bbox 242 3404 244 3459; x_wconf 66' lang='grc' dir='ltr'>Ι</span> <span class='ocrx_word' id='word_1_205' title='bbox 329 3369 406 3422; x_wconf 83' lang='grc' dir='ltr'>ηοη</span> <span class='ocrx_word' id='word_1_206' title='bbox 426 3348 597 3440; x_wconf 82' lang='lat' dir='ltr'>imagines</span> <span class='ocrx_word' id='word_1_207' title='bbox 635 3344 747 3441; x_wconf 84' lang='lat' dir='ltr'>ipsas,</span> <span class='ocrx_word' id='word_1_208' title='bbox 769 3343 828 3418; x_wconf 84' lang='lat' dir='ltr'>led</span> <span class='ocrx_word' id='word_1_209' title='bbox 856 3343 1037 3443; x_wconf 86' lang='lat' dir='ltr'>Christum</span> <span class='ocrx_word' id='word_1_210' title='bbox 1068 3368 1191 3421; x_wconf 83' lang='lat' dir='ltr'>corant</span> <span class='ocrx_word' id='word_1_211' title='bbox 1225 3347 1385 3440; x_wconf 79' lang='lat' dir='ltr'>imagine</span> 
     </span>
    </p>

    <p class='ocr_par' dir='ltr' id='par_1_5' title="bbox 242 3443 1395 4723">
     <span class='ocr_line' id='line_1_29' title="bbox 242 3443 1383 3541; baseline -0.004 -18"><span class='ocrx_word' id='word_1_212' title='bbox 242 3466 244 3479; x_wconf 73' lang='lat'><strong>¹</strong></span> <span class='ocrx_word' id='word_1_213' title='bbox 330 3446 389 3523; x_wconf 85' lang='lat' dir='ltr'>lua</span> <span class='ocrx_word' id='word_1_214' title='bbox 410 3444 562 3522; x_wconf 88' lang='lat' dir='ltr'>adorant</span> <span class='ocrx_word' id='word_1_215' title='bbox 582 3469 593 3536; x_wconf 91' lang='lat'>;</span> <span class='ocrx_word' id='word_1_216' title='bbox 615 3445 828 3539; x_wconf 85' lang='lat' dir='ltr'>Deipatam,</span> <span class='ocrx_word' id='word_1_217' title='bbox 850 3443 906 3518; x_wconf 89' lang='lat' dir='ltr'>vel</span> <span class='ocrx_word' id='word_1_218' title='bbox 922 3444 1080 3520; x_wconf 71' lang='lat' dir='ltr'>‘Sanllos</span> <span class='ocrx_word' id='word_1_219' title='bbox 1106 3467 1229 3523; x_wconf 88' lang='lat' dir='ltr'>coram</span> <span class='ocrx_word' id='word_1_220' title='bbox 1254 3466 1383 3541; x_wconf 84' lang='lat' dir='ltr'>eorum¹</span> 
     </span>
     <span class='ocr_line' id='line_1_30' title="bbox 329 3543 1385 3641; baseline -0.003 -19"><span class='ocrx_word' id='word_1_221' title='bbox 329 3548 544 3641; x_wconf 88' lang='lat' dir='ltr'>imaginibus</span> <span class='ocrx_word' id='word_1_222' title='bbox 577 3561 789 3621; x_wconf 85' lang='lat' dir='ltr'>venerantur</span> <span class='ocrx_word' id='word_1_223' title='bbox 813 3566 824 3624; x_wconf 80' lang='lat'>3</span> <span class='ocrx_word' id='word_1_224' title='bbox 847 3543 971 3623; x_wconf 87' lang='lat' dir='ltr'>Deum</span> <span class='ocrx_word' id='word_1_225' title='bbox 1007 3562 1140 3623; x_wconf 86' lang='lat' dir='ltr'>orant,</span> <span class='ocrx_word' id='word_1_226' title='bbox 1171 3545 1385 3637; x_wconf 69' lang='lat' dir='ltr'>Sanciorunt</span> 
     </span>
     <span class='ocr_line' id='line_1_31' title="bbox 331 3642 1388 3745; baseline -0.002 -25"><span class='ocrx_word' id='word_1_227' title='bbox 331 3647 427 3742; x_wconf 89' lang='lat' dir='ltr'>apud</span> <span class='ocrx_word' id='word_1_228' title='bbox 449 3642 572 3720; x_wconf 87' lang='lat' dir='ltr'>Deum</span> <span class='ocrx_word' id='word_1_229' title='bbox 597 3648 838 3740; x_wconf 87' lang='lat' dir='ltr'>patrocinium</span> <span class='ocrx_word' id='word_1_230' title='bbox 867 3645 1062 3741; x_wconf 89' lang='lat' dir='ltr'>implorant</span> <span class='ocrx_word' id='word_1_231' title='bbox 1081 3695 1091 3727; x_wconf 91' lang='lat'>,</span> <span class='ocrx_word' id='word_1_232' title='bbox 1112 3661 1152 3723; x_wconf 90' lang='lat' dir='ltr'>ut</span> <span class='ocrx_word' id='word_1_233' title='bbox 1169 3648 1308 3721; x_wconf 85' lang='lat' dir='ltr'>constat</span> <span class='ocrx_word' id='word_1_234' title='bbox 1337 3664 1388 3745; x_wconf 66' lang='lat' dir='ltr'>ere</span> 
     </span>
     <span class='ocr_line' id='line_1_32' title="bbox 331 3741 1379 3843; baseline -0.003 -22"><span class='ocrx_word' id='word_1_235' title='bbox 331 3768 485 3827; x_wconf 82' lang='lat' dir='ltr'>rontano</span> <span class='ocrx_word' id='word_1_236' title='bbox 523 3741 756 3820; x_wconf 79' lang='lat' dir='ltr'>Pontificali,</span> <span class='ocrx_word' id='word_1_237' title='bbox 795 3746 832 3817; x_wconf 91' lang='lat' dir='ltr'>in</span> <span class='ocrx_word' id='word_1_238' title='bbox 872 3746 1119 3823; x_wconf 72' lang='lat' dir='ltr'>benediilione</span> <span class='ocrx_word' id='word_1_239' title='bbox 1153 3750 1379 3843; x_wconf 68' lang='lat' dir='ltr'>imaginum:</span> 
     </span>
     <span class='ocr_line' id='line_1_33' title="bbox 333 3840 1387 3943; baseline -0.001 -24"><span class='ocrx_word' id='word_1_240' title='bbox 333 3903 357 3937; x_wconf 87' lang='lat'>„</span> <span class='ocrx_word' id='word_1_241' title='bbox 375 3901 396 3936; x_wconf 88' lang='lat'>„</span> <span class='ocrx_word' id='word_1_242' title='bbox 425 3840 670 3940; x_wconf 82' lang='lat' dir='ltr'>Omnipotens</span> <span class='ocrx_word' id='word_1_243' title='bbox 691 3842 900 3938; x_wconf 80' lang='lat' dir='ltr'>sempiterne</span> <span class='ocrx_word' id='word_1_244' title='bbox 923 3842 1024 3922; x_wconf 89' lang='lat' dir='ltr'>Deus</span> <span class='ocrx_word' id='word_1_245' title='bbox 1047 3895 1057 3927; x_wconf 94' lang='lat'>,</span> <span class='ocrx_word' id='word_1_246' title='bbox 1085 3849 1146 3943; x_wconf 90' lang='lat' dir='ltr'>qui</span> <span class='ocrx_word' id='word_1_247' title='bbox 1172 3846 1387 3924; x_wconf 74' lang='lat' dir='ltr'>Saniioruur</span> 
     </span>
     <span class='ocr_line' id='line_1_34' title="bbox 333 3940 1386 4044; baseline -0.007 -23"><span class='ocrx_word' id='word_1_248' title='bbox 333 3965 483 4044; x_wconf 85' lang='lat' dir='ltr'>tuorum</span> <span class='ocrx_word' id='word_1_249' title='bbox 504 3945 695 4039; x_wconf 76' lang='lat' dir='ltr'>imagines,</span> <span class='ocrx_word' id='word_1_250' title='bbox 714 3944 771 4019; x_wconf 85' lang='lat' dir='ltr'>leu</span> <span class='ocrx_word' id='word_1_251' title='bbox 793 3940 925 4041; x_wconf 82' lang='lat' dir='ltr'>effigies</span> <span class='ocrx_word' id='word_1_252' title='bbox 944 3944 1080 4039; x_wconf 90' lang='lat' dir='ltr'>sculpi,</span> <span class='ocrx_word' id='word_1_253' title='bbox 1104 3961 1165 4021; x_wconf 89' lang='lat' dir='ltr'>aut</span> <span class='ocrx_word' id='word_1_254' title='bbox 1191 3945 1289 4040; x_wconf 86' lang='lat' dir='ltr'>pingi</span> <span class='ocrx_word' id='word_1_255' title='bbox 1307 3963 1386 4035; x_wconf 85' lang='lat' dir='ltr'>non</span> 
     </span>
     <span class='ocr_line' id='line_1_35' title="bbox 333 4042 1388 4141; baseline -0.001 -21"><span class='ocrx_word' id='word_1_256' title='bbox 333 4042 525 4141; x_wconf 87' lang='lat' dir='ltr'>reprobas,</span> <span class='ocrx_word' id='word_1_257' title='bbox 548 4058 589 4120; x_wconf 89' lang='lat' dir='ltr'>ut</span> <span class='ocrx_word' id='word_1_258' title='bbox 608 4046 749 4141; x_wconf 87' lang='lat' dir='ltr'>quoties</span> <span class='ocrx_word' id='word_1_259' title='bbox 772 4044 843 4118; x_wconf 85' lang='lat' dir='ltr'>illas</span> <span class='ocrx_word' id='word_1_260' title='bbox 867 4044 981 4120; x_wconf 87' lang='lat' dir='ltr'>oculis</span> <span class='ocrx_word' id='word_1_261' title='bbox 996 4048 1159 4138; x_wconf 80' lang='lat' dir='ltr'>corporis</span> <span class='ocrx_word' id='word_1_262' title='bbox 1181 4050 1388 4119; x_wconf 77' lang='lat' dir='ltr'>intuemur,</span> 
     </span>
     <span class='ocr_line' id='line_1_36' title="bbox 331 4141 1389 4227; baseline -0.009 -4"><span class='ocrx_word' id='word_1_263' title='bbox 331 4148 440 4222; x_wconf 86' lang='lat' dir='ltr'>toties</span> <span class='ocrx_word' id='word_1_264' title='bbox 466 4166 593 4219; x_wconf 90' lang='lat' dir='ltr'>eorum</span> <span class='ocrx_word' id='word_1_265' title='bbox 612 4144 723 4227; x_wconf 72' lang='lat' dir='ltr'>oiim,</span> <span class='ocrx_word' id='word_1_266' title='bbox 740 4145 775 4217; x_wconf 70' lang='grc' dir='ltr'>δι</span> <span class='ocrx_word' id='word_1_267' title='bbox 796 4144 1011 4219; x_wconf 77' lang='lat' dir='ltr'>sanllitatem</span> <span class='ocrx_word' id='word_1_268' title='bbox 1024 4147 1066 4217; x_wconf 88' lang='lat' dir='ltr'>ad</span> <span class='ocrx_word' id='word_1_269' title='bbox 1081 4141 1294 4218; x_wconf 88' lang='lat' dir='ltr'>imitandum</span> <span class='ocrx_word' id='word_1_270' title='bbox 1313 4162 1389 4214; x_wconf 86' lang='lat' dir='ltr'>me·</span> 
     </span>
     <span class='ocr_line' id='line_1_37' title="bbox 332 4233 1388 4357; baseline -0.002 -38"><span class='ocrx_word' id='word_1_271' title='bbox 332 4233 459 4338; x_wconf 81' lang='lat' dir='ltr'>moriae</span> <span class='ocrx_word' id='word_1_272' title='bbox 480 4243 595 4321; x_wconf 88' lang='lat' dir='ltr'>oculis</span> <span class='ocrx_word' id='word_1_273' title='bbox 614 4247 848 4334; x_wconf 83' lang='lat' dir='ltr'>meditemur;</span> <span class='ocrx_word' id='word_1_274' title='bbox 866 4244 959 4319; x_wconf 90' lang='lat' dir='ltr'>hanc</span> <span class='ocrx_word' id='word_1_275' title='bbox 972 4241 1171 4336; x_wconf 81' lang='lat' dir='ltr'>quaelumus</span> <span class='ocrx_word' id='word_1_276' title='bbox 1193 4244 1388 4357; x_wconf 79' lang='lat' dir='ltr'>imaginem</span> 
     </span>
     <span class='ocr_line' id='line_1_38' title="bbox 334 4318 1393 4439; baseline -0.005 -20"><span class='ocrx_word' id='word_1_277' title='bbox 334 4349 373 4438; x_wconf 90' lang='lat' dir='ltr'>in</span> <span class='ocrx_word' id='word_1_278' title='bbox 399 4344 605 4428; x_wconf 87' lang='lat' dir='ltr'>honorem,</span> <span class='ocrx_word' id='word_1_279' title='bbox 631 4369 672 4420; x_wconf 89' lang='lat' dir='ltr'>ac</span> <span class='ocrx_word' id='word_1_280' title='bbox 694 4346 905 4423; x_wconf 80' lang='lat' dir='ltr'>memoriani</span> <span class='ocrx_word' id='word_1_281' title='bbox 930 4346 1021 4417; x_wconf 87' lang='lat' dir='ltr'>beati</span> <span class='ocrx_word' id='word_1_282' title='bbox 1045 4342 1207 4439; x_wconf 84' lang='lat' dir='ltr'>Apolloli</span> <span class='ocrx_word' id='word_1_283' title='bbox 1235 4360 1309 4425; x_wconf 83' lang='lat' dir='ltr'>tur,</span> <span class='ocrx_word' id='word_1_284' title='bbox 1336 4318 1393 4428; x_wconf 77' lang='lat' dir='ltr'>vel</span> 
     </span>
     <span class='ocr_line' id='line_1_39' title="bbox 334 4439 1392 4545; baseline -0.007 -24"><span class='ocrx_word' id='word_1_285' title='bbox 334 4444 534 4545; x_wconf 76' lang='lat' dir='ltr'>Martyris,</span> <span class='ocrx_word' id='word_1_286' title='bbox 556 4441 803 4529; x_wconf 79' lang='lat' dir='ltr'>Confelloris,</span> <span class='ocrx_word' id='word_1_287' title='bbox 834 4462 893 4512; x_wconf 80' lang='lat' dir='ltr'>aut</span> <span class='ocrx_word' id='word_1_288' title='bbox 919 4439 1078 4539; x_wconf 88' lang='lat' dir='ltr'>Virginis</span> <span class='ocrx_word' id='word_1_289' title='bbox 1109 4445 1307 4536; x_wconf 86' lang='lat' dir='ltr'>adaptatam</span> <span class='ocrx_word' id='word_1_290' title='bbox 1330 4443 1392 4516; x_wconf 63' lang='lat' dir='ltr'>be,</span> 
     </span>
     <span class='ocr_line' id='line_1_40' title="bbox 334 4542 1395 4723; baseline -0.003 -101"><span class='ocrx_word' id='word_1_291' title='bbox 334 4548 525 4647; x_wconf 73' lang='lat' dir='ltr'>tredic&#39;ere,</span> <span class='ocrx_word' id='word_1_292' title='bbox 543 4542 587 4623; x_wconf 77' lang='lat' dir='ltr'>ac&#39;</span> <span class='ocrx_word' id='word_1_293' title='bbox 606 4543 1013 4723; x_wconf 54' lang='lat' dir='ltr'>laniiificaregignerim</span> <span class='ocrx_word' id='word_1_294' title='bbox 1033 4544 1068 4627; x_wconf 85' lang='lat'>&amp;</span> <span class='ocrx_word' id='word_1_295' title='bbox 1087 4545 1229 4643; x_wconf 73' lang='lat' dir='ltr'>praelia,</span> <span class='ocrx_word' id='word_1_296' title='bbox 1250 4557 1293 4617; x_wconf 91' lang='lat' dir='ltr'>ut</span> <span class='ocrx_word' id='word_1_297' title='bbox 1312 4542 1395 4635; x_wconf 65' lang='lat' dir='ltr'>quis,</span> 
     </span>
    </p>

    <p class='ocr_par' dir='ltr' id='par_1_6' title="bbox 882 4665 1331 4737">
     <span class='ocr_line' id='line_1_41' title="bbox 882 4665 1331 4737; baseline -0.027 -14"><span class='ocrx_word' id='word_1_298' title='bbox 882 4665 901 4737; x_wconf 89' lang='lat'><em>5</em></span> <span class='ocrx_word' id='word_1_299' title='bbox 1237 4665 1331 4723; x_wconf 76' lang='lat' dir='ltr'>eurr.</span> 
     </span>
    </p>
   </div>
   <div class='ocr_carea' id='block_1_4' title="bbox 0 0 1925 5375">
    <p class='ocr_par' dir='ltr' id='par_1_7' title="bbox 0 0 1925 5375">
     <span class='ocr_line' id='line_1_42' title="bbox 0 0 1925 5375; baseline 0 0"><span class='ocrx_word' id='word_1_300' title='bbox 0 0 1925 5375; x_wconf 95' lang='lat' dir='ltr'> </span> 
     </span>
    </p>
   </div>
  </div>
 </body>
</html>
