3792 5375
439 530 514 626 ne
541 523 682 651 primo
706 524 914 651 Decologi
941 528 1166 654 praedepto'i
1276 506 1415 641 '283¹‘
1540 651 1544 658 Ι

294 696 413 789 iliberi
431 728 509 784 nott
527 707 654 801 potest
682 709 795 780 Pietas
819 710 925 781 cultus
940 713 1010 784 Dei
1021 707 1088 798 eli,
1099 730 1158 778 nec
1169 700 1294 779 colitur
1306 709 1360 779 ille
1373 682 1561 771 filmlireoli

296 807 532 895 ”lsllmml
551 810 670 906 inquit
694 814 727 880 3·-
739 805 876 902 Atgtdl·
898 808 1053 907 Epistola
1080 827 1162 904 140.
1179 806 1261 885 aliar
1276 823 1359 886 tao.
1373 777 1561 919 mea-⁰222*

295 932 378 1004 cap.
396 907 480 999 ιγ.)
497 903 542 982 Et
553 903 785 985 Enarratlone
797 910 1017 989 inPsalnaum
1029 931 1089 1003 77.
1103 964 1129 996 ,.
1144 956 1168 994 2,
1189 905 1274 985 Hoc
1297 930 1357 985 co
1372 930 1479 1013 poure,

296 1009 407 1094 litut,
423 1006 525 1105 quod
538 1004 707 1105 diligitur.
734 1007 841 1086 Unde
852 1014 932 1108 quia
945 1008 1049 1087 Deus
1061 1013 1167 1087 rebus
1192 1009 1362 1091 omnibus

296 1110 439 1203 major,
457 1108 494 1183 du
512 1105 639 1185 melior
654 1112 854 1196 invenitur,
873 1110 952 1205 plus
967 1111 1136 1188 omnibus
1160 1107 1363 1205 diligendus

302 1209 376 1296 est,
395 1221 436 1285 ut
453 1205 594 1284 colatur
617 1247 690 1294 „ns
715 1206 758 1285 ln
788 1209 862 1287 hoo
878 1212 980 1287 cultu
1004 1233 1086 1288 nera
1105 1208 1233 1307 religio
1246 1205 1366 1287 conli-

295 1310 377 1404 stit,
392 1329 571 1405 excoque
599 1312 705 1394 vim,
728 1330 770 1387 ac
801 1334 936 1387 nomen
959 1309 1060 1387 loom
1090 1323 1300 1398 mutuatur,
1321 1324 1364 1391 ut

296 1413 332 1482 S.
352 1407 557 1501 'bragadinus
571 1404 681 1485 docet
701 1407 760 1484 lib.
785 1431 841 1487 10,
870 1414 925 1482 De
940 1414 1092 1481 Ciuitate
1109 1415 1179 1481 Dei
1192 1457 1202 1485 .
1216 1431 1294 1505 cap.
1322 1429 1361 1501 3,

296 1554 355 1604 „„
381 1505 458 1606 lpse
476 1501 648 1601 (inquit)
674 1508 755 1585 lons
778 1510 906 1589 nostrae
927 1505 1176 1597 beatitudinis,
1191 1507 1262 1608 ipit
1278 1530 1362 1587 otn-

298 1614 355 1686 nis
375 1610 606 1709 appetitionis
633 1608 683 1685 est
706 1607 797 1690 finis.
824 1607 935 1689 Hunc
952 1610 1144 1703 eligentes,
1165 1612 1220 1686 vel
1238 1614 1361 1708 potius
1509 1636 1512 1647 ·

299 1712 509 1807 religentes,
526 1708 750 1787 amiseramus
763 1712 857 1785 eninr
875 1712 1117 1808 negligentest
1142 1707 1252 1788 Hunc
1269 1728 1362 1807 ergo

298 1810 510 1907 religentes,
529 1808 625 1886 uode
648 1809 686 1885 dr
709 1810 834 1908 religio
855 1809 945 1886 ditia
966 1810 1196 1906 perhibetur,
1217 1810 1263 1887 ad
1275 1824 1363 1902 eunt

299 1910 487 1987 diletiione
496 1911 696 1996 tendimus,
712 1924 753 1987 ut
762 1911 1004 2006 perveniendo
1020 1910 1238 2009 quiescamus
1251 1910 1361 2009 rideo

298 2013 412 2090 beati,
429 2012 511 2107 qula
536 2009 598 2085 illo
622 2007 693 2085 fine
718 2010 872 2110 perietii.
902 2007 1047 2090 donum
1080 2013 1176 2091 eninr
1199 2009 1362 2088 nostrum

298 2110 440 2190 nullum
466 2109 516 2186 est
543 2110 664 2195 aliud,
689 2110 869 2207 quantilli
900 2110 1105 2189 cobaererea
1127 2112 1230 2207 cuius
1255 2110 1365 2187 unius

299 2213 419 2288 amora
438 2208 679 2286 intelleiiualis
701 2226 921 2307 incorporeo
943 2266 955 2299 ,
983 2209 1010 2288 fi
1032 2211 1105 2289 dici
1128 2212 1268 2305 potest,
1284 2223 1363 2288 sm-

299 2309 728 2409 pleru.rerisirnpletur‚
741 2310 1042 2409 foecundaturque
1054 2313 1255 2390 virtutibus
1267 2304 1361 2388 Hoo'

271 2411 441 2488 'bonum
465 2412 610 2508 diligere
641 2412 676 2485 in
699 2422 782 2488 toto
799 2413 935 2492 corde.
954 2414 990 2488 io
1012 2427 1090 2490 tota
1107 2415 1248 2499 anima,
1269 2412 1306 2486 dt
1319 2414 1359 2506 lq

298 2526 377 2590 tota
399 2516 530 2589 virtute
552 2512 789 2609 praeclpimur·
819 2512 876 2589 nd
901 2508 976 2590 bne
997 2516 1136 2591 bonum
1160 2512 1356 2589 debemus·

299 2614 529 2712 &aquibus
559 2611 739 2707 diligimur
764 2611 878 2705 duci;
906 2611 943 2691 ds
967 2634 1062 2711 quos
1090 2612 1270 2710 diligimus
1291 2610 1358 2689 du·

299 2735 393 2790 tere·
427 2715 486 2790 Sic
515 2712 746 2808 complentur
778 2714 854 2790 duo
882 2713 938 2791 illa
971 2728 1147 2811 praecepta
1171 2713 1357 2810 inquibus

300 2828 378 2890 tota
390 2812 448 2889 lex
463 2816 595 2910 pendet
610 2813 647 2888 de
663 2810 869 2911 Prophetes
892 2815 1025 2909 Diliges
1046 2818 1227 2888 Dominum
1246 2817 1358 2886 Deum
1372 2781 1547 2888 ΜΨ

296 2932 393 2985 enum
411 2918 447 2983 in
469 2930 542 2985 toto
563 2915 658 2984 corde
678 2931 761 3000 ruo,
793 2917 835 2986 d·
860 2919 896 2984 in
919 2933 992 2985 rora
1015 2917 1125 2986 anima
1149 2927 1232 3000 tud,
1255 2912 1299 2985 d*
1320 2916 1358 2984 in

299 3033 372 3085 rota
390 3031 573 3085 mentetua
591 3042 604 3094 ;
626 3012 798 3107 oringes
822 3016 1009 3103 proximum
1034 3033 1128 3086 tuum
1148 3031 1304 3108 tanquam
1323 3031 1359 3081 te

299 3114 415 3205 ipsam.
445 3111 495 3191 Ut
518 3116 614 3190 enirn
643 3113 759 3190 bomo
784 3112 850 3189 sese
880 3113 1030 3213 diligere
1057 3112 1205 3201 noscet,
1226 3112 1358 3189 conili-

300 3229 398 3293 tutus
421 3216 471 3290 ell
494 3218 526 3290 ei
548 3213 649 3291 linis,
671 3238 747 3312 quo
772 3213 915 3290 referret
935 3216 1081 3301 omnia,
1105 3237 1186 3313 quae
1208 3230 1355 3310 ageret,

299 3331 341 3393 ut
365 3318 488 3392 beattn
504 3312 599 3390 ellet·
631 3313 719 3392 Non
741 3317 856 3397 enlm,
870 3316 930 3410 qui
955 3314 988 3390 se
1012 3314 1154 3412 diligit,
1171 3312 1266 3390 aliud
1287 3308 1358 3389 elle

291 3417 399 3497 nult,
413 3438 521 3513 quam
537 3418 670 3493 beatus·
696 3412 767 3490 llic
783 3430 902 3491 autern
918 3413 996 3490 linis
1006 3416 1056 3492 eli
1069 3415 1246 3491 adliaerete
1257 3410 1359 3496 Deo.
1515 3419 1523 3436 “

299 3513 384 3613 ‚lam
396 3518 504 3610 igitur
525 3513 644 3590 scienti
665 3513 811 3611 diligere
826 3514 997 3612 seipsum,
1014 3539 1099 3592 curn
1112 3513 1298 3592 mandatur
1310 3513 1360 3590 d!

299 3617 475 3711 proximo
497 3614 682 3711 diligendo
698 3614 786 3690 licut
808 3613 976 3709 seipsum,
996 3615 1083 3715 quid
1102 3615 1198 3692 aliud
1212 3613 1362 3690 manda·

299 3730 382 3798 tur,
398 3713 459 3789 nii
479 3730 519 3791 ut
533 3721 563 3788 el
580 3766 587 3783 ‚
604 3735 777 3811 quantum
794 3716 913 3812 potest
929 3761 940 3802 ,·
963 3716 1196 3791 commendet
1207 3714 1359 3808 diligen·

299 3815 391 3890 dum
409 3811 560 3892 Deum?
584 3811 654 3890 llic
677 3814 725 3890 eli
750 3812 822 3890 Dei
847 3817 985 3902 cultus,
1002 3816 1079 3891 hec
1102 3839 1185 3893 nera
1207 3815 1361 3909 religios

299 3912 379 3991 haec
400 3915 491 3990 retia
509 3918 639 4012 pietas,
655 3913 730 3989 lraec
742 3929 882 3990 tantum
898 3913 979 3991 Deo
993 3917 1111 3994 debita
1130 3914 1273 3990 servitus
1286 3968 1308 4003 ‚‚
1318 3949 1359 4002 „···
1466 3994 1471 4002 ,

350 4014 490 4112 Magna
517 4012 588 4090 Dei
613 4018 771 4097 bonitas,
791 4019 853 4108 qni
876 4017 908 4089 le
929 4019 1038 4092 autari
1048 4018 1149 4110 jubet
1167 4026 1358 4088 screatora
1371 4004 1562 4115 naasson

297 4112 377 4192 l'ua:
398 4172 420 4207 „
433 4171 454 4206 ,‚
483 4112 585 4207 Quid
611 4117 675 4191 tibi
697 4116 773 4191 lum
796 4114 867 4207 ipso
889 4119 909 4209 (
920 4120 1028 4203 inquis
1052 4121 1083 4188 S.
1100 4099 1560 4235 Augull.l⁸b·1.¹s’⁰¹¹,“²³ai⁰l

298 4211 535 4310 Confe‘ffionum
548 4267 560 4300 ,
573 4234 644 4308 cap.
658 4235 689 4302 ς·
705 4217 720 4297 )
738 4233 777 4290 ut
794 4218 901 4288 amari
914 4228 950 4289 te
960 4215 1082 4310 jubeas
1101 4236 1121 4289 a
1141 4230 1224 4295 me,
1241 4211 1278 4285 sa
1293 4207 1354 4286 nili
1370 4197 1567 4324 &¹²3²ssss

298 4312 448 4398 faciam,
466 4315 616 4390 irascaris
638 4313 748 4399 mihi,
770 4315 806 4387 &
827 4316 969 4388 mineris
987 4317 1150 4410 ingentes
1177 4309 1355 4387 miserias?
1370 4341 1435 4394 tun
1451 4331 1515 4398 rw
1621 4396 1625 4404 ν

298 4410 409 4490 Parsa
429 4417 555 4509 neiplo
572 4416 644 4499 eli,
664 4414 686 4489 it
706 4437 781 4491 non
801 4435 918 4489 ament
938 4432 975 4489 te
994 4415 1083 4505 „„i
1107 4413 1242 4510 Magna
1258 4425 1356 4488 certe

298 4512 456 4607 m‘leria.
479 4513 605 4596 Deum
626 4539 705 4596 non
720 4537 868 4604 amne,
885 4518 923 4593 in
940 4515 1043 4612 suus
1066 4516 1242 4598 duntaxat
1251 4533 1357 4591 aoro-

1560 4560 1567 4581 .

1264 4627 1304 4691 rs
1524 4585 1568 4705 ,i

1458 4682 1510 4712 :ob
1528 4729 1545 4740 ΙΙ

1535 4760 1558 4787 ⁸(
