3792 5375
454 513 531 614 De
545 515 693 630 primo
720 509 925 629 Decalogi
950 519 1175 636 praeopto:
1205 556 1212 567 ·
1261 518 1346 632 ‘ui

291 679 495 790 superiora,
526 703 565 765 ut
582 688 691 778 docet
713 692 745 764 S.
772 690 869 761 Besn.
892 690 1007 787 Setm·
1032 710 1092 787 50,
1121 695 1158 767 in
1186 661 1346 771 Cantica.
1441 686 1443 691 ’
1554 697 1560 706 '

289 849 315 888 ‚,
327 848 350 886 „
366 790 511 867 lobene
527 785 646 864 affeda
661 803 780 864 mente
797 792 962 883 (inquit)
980 814 1057 868 non
1073 795 1220 869 dubium
1231 836 1245 879 ,·
1258 796 1348 889 quin

296 891 476 969 dileilioni
498 887 652 963 hominis
667 885 737 965 Dei
751 888 892 966 diletlio
906 908 1132 988 praeponatur
1146 941 1157 975 ,
1170 895 1205 966 dr
1225 906 1259 967 rn
1278 892 1349 967 ho·-
1426 968 1429 974 ,

290 994 444 1069 minibus
458 986 541 1086 iplis
555 986 776 1082 perfedliores
790 989 1349 1077 infirmioribusoeoelumterrae.

292 1096 467 1170 aeternitas
485 1090 665 1184 tempori,
682 1091 797 1164 anima
810 1092 916 1164 carni.
944 1090 1112 1167 Attamen
1128 1086 1164 1168 in
1183 1094 1271 1167 bene
1287 1113 1349 1164 or·

288 1186 679 1285 dinatarttionel'aepe,
696 1194 876 1264 autetiam
899 1191 1032 1289 l'emper
1046 1194 1140 1267 ordo
1158 1189 1348 1291 oppolitua

290 1294 481 1392 invenitur·
507 1285 603 1364 Nam
619 1289 656 1362 dr
685 1289 778 1363 cirea
800 1292 960 1385 proximi
984 1312 1106 1367 curam
1131 1294 1167 1368 ἃ
1194 1292 1269 1385 plus
1288 1311 1348 1366 ur-

289 1412 439 1487 gemur.
455 1390 491 1462 dr
506 1388 633 1483 pluries
656 1407 899 1484 occupamur3
918 1390 954 1464 dt
967 1390 1219 1468 infirmioribus
1232 1381 1348 1468 l'tatri·¹
1364 1411 1368 1420 ’

289 1495 356 1568 bus
377 1490 594 1585 diligentiori
614 1486 793 1578 sedulitate
824 1486 1004 1566 allrllrmus
1030 1512 1043 1581 3
1074 1491 1110 1566 dr
1141 1492 1218 1586 paci
1243 1487 1350 1566 lert&

292 1593 434 1685 magis,
451 1610 559 1684 quam
578 1588 662 1664 coeli
685 1587 810 1683 gloria
825 1589 902 1681 jure
932 1588 1187 1677 hamanitatis,
1212 1588 1249 1665 de
1276 1587 1348 1681 ipsa

290 1687 492 1770 netellitate
513 1690 753 1769 sistendimusr
771 1687 807 1762 ts
827 1692 1077 1784 temporalium
1099 1686 1350 1789 inquietudine

291 1811 458 1868 curarum
476 1791 536 1863 vix
549 1787 682 1883 aliquid
704 1790 827 1863 lentire
855 1787 900 1861 de
922 1794 1058 1865 sternis
1077 1792 1315 1886 permittimur
1332 1795 1349 1863 i

292 1889 574 1985 &languoribus
599 1887 706 1964 noilri
727 1890 890 1984 torporis
909 1886 1102 1986 polipolita
1127 1891 1252 1964 animat
1282 1909 1348 1964 cu·

293 2014 331 2068 ra
348 2012 440 2086 peno
452 1990 624 2088 continue
635 1986 840 2087 inseruimus
855 1981 1096 2066 00·Orantem
1111 1990 1264 2084 denique
1278 1985 1348 2061 ho⁴
1392 2071 1404 2088 ‚

293 2092 429 2188 minem
443 2108 526 2164 cum
539 2082 623 2162 Deo
634 2085 735 2182 loqui
749 2090 827 2181 quis
851 2080 1024 2165 dubitet?
1045 2086 1200 2180 Quoties
1224 2101 1346 2162 tamm
1370 2130 1374 2148 ι

290 2189 375 2267 inde
389 2186 556 2263 charitate
572 2188 719 2274 iubente
731 2188 939 2265 abducimur
952 2234 961 2266 2
976 2188 1013 2264 dt
1029 2188 1210 2264 avellimur
1232 2203 1346 2285 prop·

292 2306 346 2368 ter
358 2311 441 2372 eos,
462 2288 522 2386 qui
535 2284 651 2368 nollra
662 2285 825 2382 indigent
840 2309 948 2384 opera
963 2334 972 2365 ‚
985 2289 1039 2364 vel
1053 2288 1219 2405 loquela?
1235 2287 1349 2382 Quo*

294 2394 358 2468 ries
376 2393 431 2484 pie
446 2385 541 2463 sedit
568 2387 802 2482 negotiorum
814 2387 1029 2465 tumultibus
1046 2409 1144 2486 quies
1157 2381 1173 2464 i
1188 2384 1347 2481 Quoties

291 2487 611 2568 bonaconicientia
626 2488 771 2582 ponitur
788 2486 907 2564 codex
918 2541 928 2573 ,
940 2487 981 2565 ut
994 2490 1093 2587 operi
1106 2504 1274 2564 annuum
1290 2488 1345 2562 in·

291 2585 464 2669 sudeturl
482 2588 638 2678 Quoties
658 2608 724 2681 pro
736 2585 1015 2674 administrandis
1044 2590 1216 2675 terrenis,
1234 2583 1347 2683 justit·

293 2688 379 2767 lime
392 2686 472 2784 iplis
493 2684 755 2782 luperledenrus
771 2685 986 2764 celebrandis
1010 2683 1193 2765 Miffarum
1219 2688 1348 2764 iolenr⁴

290 2794 358 2868 niis
371 2788 386 2865 l
401 2787 509 2869 Ordo
523 2786 776 2885 papolinus,
790 2786 847 2862 sed
869 2785 1046 2867 n'eceffitas
1079 2786 1275 2864 nonhabet
1293 2786 1347 2861 ie-

290 2912 388 2991 gem.¹
417 2889 500 2982 Agit
514 2909 601 2982 ergo
616 2884 716 2963 [uum
747 2885 1050 2966 adualisclraritas
1064 2885 1228 2964 ordinem
1242 2886 1347 2977 juxta

293 2986 545 3082 patrisfamilias
575 2983 761 3079 jullionem
792 2989 963 3083 incipiens
999 3012 1018 3065 a
1053 2982 1254 3064 novistimis.
1288 2984 1347 3063 Pie

291 3111 409 3169 certe,
435 3090 470 3162 δι
494 3087 605 3181 julla,
633 3099 711 3178 qua
738 3111 811 3162 non
831 3084 872 3162 fit
891 3089 1073 3185 acceptrix
1093 3086 1343 3181 personarum.

291 3215 358 3281 pec
379 3192 489 3288 pretia
512 3187 710 3263 consideret
729 3210 874 3273 return,
897 3189 956 3262 led
988 3188 1178 3263 hominum
1202 3180 1345 3259 occelli<

290 3304 390 3371 tates.
418 3294 463 3378 tlt
486 3310 563 3361 non
584 3305 628 3361 rta
649 3283 856 3363 officinalis,
876 3299 995 3363 trama
1019 3290 1141 3383 primis
1160 3284 1232 3381 ipsa
1243 3287 1344 3359 ducit

291 3392 469 3468 ordinem·
501 3386 557 3464 Eli
580 3390 872 3483 errimlapientta,
889 3403 951 3483 pet
980 3397 1090 3483 quam
1109 3390 1231 3484 utique
1248 3393 1346 3479 que·

292 3514 363 3588 que
389 3512 444 3563 tes
471 3489 630 3582 sapiunt,
646 3510 753 3582 prout
774 3494 874 3577 luoi3
895 3507 934 3562 ut
959 3484 1082 3577 (verbi
1110 3481 1246 3581 gratia)
1262 3505 1349 3582 qun

291 3594 408 3687 pluris
428 3609 551 3664 naurs
576 3589 701 3670 hauet,
725 3588 831 3681 pluris
853 3610 1001 3685 quoque
1019 3589 1091 3682 ipl'a
1104 3584 1242 3660 allodio
1267 3585 1348 3660 len·-

291 3692 380 3774 tiut,
396 3695 532 3771 minora
554 3710 668 3760 minus
682 3735 696 3772 ,Δ
718 3692 866 3762 minima
885 3694 1042 3763 minime.
1068 3685 1111 3762 Et
1135 3686 1234 3762 illum
1261 3686 1343 3782 qsrl·

291 3792 376 3867 dem
403 3790 566 3863 ordinent
595 3786 769 3861 eharitatis
799 3790 922 3864 veritas
947 3781 1061 3866 iacit,
1096 3792 1192 3862 hunc
1219 3805 1345 3860 aurern

290 3893 443 3972 veritatis
472 3892 621 3963 charitas
644 3897 799 3962 vindicat
819 3890 890 3968 libi.
927 3886 1026 3963 Nam
1047 3888 1083 3960 ἀ
1105 3899 1184 3961 vera
1206 3884 1249 3958 in
1266 3881 1344 3958 hoc

289 3992 339 4068 tll
354 3982 505 4066 charitas
538 3990 652 4083 utqui
674 3990 836 4083 indigent
851 3987 1001 4082 amplius
1014 3989 1210 4082 ,accipiant
1225 4001 1343 4075 ptrusp

289 4076 325 4185 δι
352 4102 469 4166 rusius
492 4086 528 4161 in
551 4110 596 4161 eo
619 4094 708 4160 clara
733 4105 877 4182 apparet
892 4084 1085 4171 veritas,li
1109 4084 1343 4162 ordinent«

288 4213 414 4271 neusin
432 4184 582 4272 aueum
601 4209 711 4283 prem
730 4188 937 4274 illustrioris
953 4187 1037 4281 ’Ν
1245 4205 1247 4209 ·

1129 4441 1135 4629 f
1185 4467 1293 4627 ’ἐῢ
1327 4595 1335 4611 ..
