3792 5375
438 530 579 621 .·1)e
606 529 743 643 primo
770 524 980 644 Deculogi
1001 541 1225 646 praecepto.
1327 556 1412 639 419
1474 515 1476 520 V
1596 661 1599 666 .

328 711 536 807 peccatores
567 698 612 775 ad
649 701 731 775 viter
764 698 934 799 religiosae
970 698 1225 801 proiessiouem
1261 700 1397 786 hortari

331 800 538 906 polluctus,
563 823 607 877 ac
640 800 823 876 debemus.

602 976 933 1059 REGULA
982 977 1098 1065 Xll.

328 1138 486 1222 Letlralis
508 1127 653 1237 peccati
667 1160 746 1214 reus
768 1136 837 1218 est.
861 1140 923 1232 qui
943 1139 1095 1237 aliquem
1109 1142 1312 1237 juramento
1326 1145 1388 1222 ad·

374 1242 535 1335 stringit,
553 1262 597 1314 oe
623 1239 732 1314 vitem
772 1237 968 1333 religiosam
992 1238 1204 1335 profiteatur
1227 1285 1238 1321 s
1260 1262 1321 1322 aut
1340 1249 1386 1325 ab

350 1336 528 1436 'iogrellu
551 1339 769 1422 monasterii,
802 1340 838 1412 dr
860 1338 1028 1435 religiolae
1048 1345 1127 1419 vitae
1151 1342 1384 1434 orolellrone.

377 1438 500 1614 pristis
527 1436 654 1515 debitis
676 1437 970 1528 circumstantiis.
1003 1442 1162 1521 faciende
1193 1447 1380 1544 probibet.
1475 1527 1477 1532 ,

373 1563 416 1616 ve
458 1540 598 1618 avertit.

420 1719 486 1771 anc
513 1694 655 1771 moralis
685 1692 879 1771 christianae
906 1696 1064 1793 regulam
1092 1697 1199 1777 tradit
1221 1704 1253 1775 S.
1270 1673 1381 1789 June,

434 1792 590 1887 Clrryloll.
614 1794 674 1873 lib.
703 1811 724 1889 3
760 1792 914 1880 adversus
937 1797 1188 1892 Vituperarores
1211 1806 1289 1869 vite
1311 1826 1381 1871 mo.

330 1897 481 1980 naitico,
498 1919 577 1990 cap.
608 1913 664 1983 19.
687 1910 848 1983 parerrtes
867 1883 1128 1990 reprehendens
1141 1949 1150 1979 ,
1164 1900 1225 1996 qui
1252 1901 1343 1975 lilios
1359 1922 1393 1980 a·
1457 1963 1463 1971 .

328 1995 585 2093 religiosaevitae
598 1991 810 2083 orofesslone
823 2013 1007 2082 avertunt,
1024 1997 1059 2073 &
1076 1998 1301 2075 vitaeleculari
1313 2004 1381 2075 im-

324 2097 461 2197 plicant
501 2151 523 2186 „
539 2151 560 2185 ,‚
584 2091 627 2169 Et
648 2088 966 2189 li(inquit)domi
988 2115 1206 2173 remorantes
1220 2096 1380 2194 poffibile

324 2193 408 2273 ellet
433 2220 507 2271 non
532 2200 669 2290 penitus
690 2196 874 2288 corrumpi
889 2197 945 2271 2&
968 2200 1104 2292 perire,
1129 2197 1183 2272 led
1211 2198 1264 2273 vel
1287 2200 1379 2275 inter

324 2312 522 2373 extremam
543 2295 733 2371 electorum
758 2293 886 2370 sortem
901 2299 1096 2380 numerari,
1109 2321 1154 2372 ne
1166 2294 1215 2373 fic
1227 2299 1374 2393 quidem

322 2395 490 2491 supplicia
516 2396 664 2469 evadere
679 2389 975 2488 pollemus3cum
1001 2396 1037 2470 de
1063 2398 1141 2479 bis,
1164 2398 1282 2491 quino
1297 2399 1375 2474 dili·

321 2499 495 2594 gentioris
528 2492 704 2570 delectum
741 2499 823 2569 uirae
856 2510 1080 2591 properant,
1116 2498 1376 2589 impedimento

324 2593 523 2673 loiffemum
537 2595 574 2667 de
588 2616 650 2668 eos
665 2593 852 2670 mundanis
865 2595 969 2671 rebus
981 2595 1159 2693 obligatos
1174 2612 1375 2683 teneamus.

325 2702 388 2793 qui
410 2697 454 2771 ad
478 2695 614 2772 coelum
638 2696 778 2770 evolare
803 2697 975 2790 cupiunt,
992 2699 1147 2792 atquein
1165 2721 1264 2773 noras
1288 2722 1379 2777 verae

326 2795 495 2872 libertatis
514 2816 707 2891 emergere·
741 2791 836 2871 Cum
867 2819 953 2870 vero
977 2794 1022 2869 de
1043 2801 1212 2872 extremis
1241 2802 1379 2890 pericu·

325 2893 401 2973 lum
422 2898 625 2976 immineat,
643 2917 750 2992 quam
782 2895 925 2971 tandem
947 2896 1106 2981 veniam,
1132 2918 1240 2991 quam
1267 2920 1378 2980 excu-

322 2994 495 3072 sationem
517 2993 822 3089 habebimus,qu1
841 3017 916 3069 non
935 2995 1050 3070 modo
1074 2995 1278 3071 nostrorum
1295 3019 1379 3090 pec·

321 3116 507 3180 catorum,
524 3091 579 3168 led
604 3117 731 3169 eorum
754 3097 859 3168 etium
882 3148 892 3178 ‚
913 3116 994 3189 quae
1020 3094 1140 3188 postea
1164 3093 1223 3169 filii
1253 3119 1376 3190 pecca·

319 3199 473 3283 verint,
500 3217 625 3286 poenas
652 3195 689 3267 in
718 3190 951 3286 nosmetipsos
984 3191 1212 3271 acerbilsrmas
1233 3195 1378 3271 attrahi·

321 3292 572 3390 musiNeque
596 3295 691 3367 enim
708 3316 770 3367 eos
796 3296 842 3368 ita
866 3294 1034 3387 punitum
1057 3298 1098 3368 iri
1128 3294 1292 3370 existimo
1308 3318 1377 3393 pro

325 3393 409 3471 his,
434 3416 514 3491 quae
533 3393 744 3489 deliquerint
770 3393 815 3467 ad
838 3394 1039 3469 mundanos
1062 3392 1377 3471 lluilusuiolenter

319 3493 479 3573 arenul,
498 3509 538 3569 ut
561 3495 720 3587 vos,qui
736 3491 827 3568 hanc
851 3495 967 3568 inuitis
988 3492 1052 3568 illis
1067 3541 1077 3568 ‚
1095 3495 1128 3568 dr
1147 3496 1378 3572 renitentibus

324 3591 560 3669 necellltatem
572 3591 793 3685 imposuistis.
808 3590 939 3668 Namlr
958 3595 1010 3677 ei,
1024 3595 1084 3690 qui
1101 3618 1214 3696 unum
1237 3596 1379 3674 scauda-
1397 3591 1509 3659 lllnttb.
1536 3598 1583 3660 ¹⁸·

323 3692 504 3769 lizat‚cum
519 3692 614 3766 mola
636 3696 673 3767 in
687 3715 782 3767 orare
798 3695 1004 3784 precipitari
1019 3694 1165 3790 expedit
1181 3715 1193 3782 ς
1209 3714 1381 3789 quaeten-

334 3793 417 3866 dem
431 3815 558 3887 prena,
572 3795 634 3885 qui
649 3795 824 3869 cruciatus
839 3790 993 3868 illislatis
1007 3800 1202 3888 erunt.qui
1218 3798 1382 3891 levitinm

324 3892 511 3977 terrram&
527 3894 782 3967 immanitatem
795 3897 829 3966 in
842 3892 971 3968 liberos
984 3898 1151 3987 proprios
1163 3895 1382 3973 ollendunt?

326 3988 456 4086 Neque
468 3992 749 4070 diceredebetis:
766 3991 860 4068 Cum
892 3992 1088 4068 uideremus
1117 4017 1178 4066 eos
1205 3996 1247 4066 ad
1275 3993 1383 4067 linem

324 4093 509 4188 pervenire
524 4115 597 4164 non
612 4086 729 4188 polle,
748 4091 836 4166 istud
852 4091 1112 4185 prohibuimus.
1133 4091 1269 4165 Errarnfl
1285 4095 1382 4165 enim

328 4193 400 4266 boc
409 4188 620 4284 apertissime
634 4185 865 4274 novisissime
875 4188 957 4263 silet
971 4192 1030 4263 illa
1042 4190 1141 4262 fallax
1154 4188 1354 4281 currietluro
1369 4246 1380 4277 ,

321 4314 366 4362 ne
390 4292 435 4370 lic
460 4292 604 4385 quidem
628 4289 727 4363 illum
746 4290 790 4362 ab
812 4287 975 4362 inllituto
999 4288 1381 4363 retolleredeounzn.
1464 4338 1477 4365 .

320 4387 450 4485 Neque
473 4393 568 4464 enim
597 4390 744 4484 liquem
771 4387 896 4462 cadere
918 4389 1146 4483 incipientem
1162 4443 1173 4473 ,
1187 4392 1382 4487 arntizipm.

326 4505 377 4568 tes
403 4489 537 4587 laplbm
556 4488 616 4586 ipss
632 4491 929 4667 praecigtrgemns
953 4511 965 4582 ;
984 4485 1021 4563 id
1046 4491 1151 4566 nubis
1174 4487 1217 4565 nl
1239 4486 1400 4565 excrrl'a.'

854 4607 871 4678 3
1192 4609 1333 4667 trustem
