3792 5375
1090 550 1256 633 374
1439 501 1755 617 Theo'l.
1786 518 2021 631 Dog.
2079 517 2165 610 δι
2192 518 2495 611 Moral.
2534 520 2721 615 Lib.
2777 520 2931 618 IV.

1086 695 1268 773 nalia
1300 690 1598 777 habeat,
1635 690 1707 767 id
1734 690 1872 775 est,
1902 703 2154 788 praeter
2175 688 2428 768 dotem
2473 665 2596 789 ipsi
2637 718 2675 770 a
2721 696 3176 788 parentibus.
3287 675 3294 680 ’

1087 810 1213 870 aut
1278 793 1420 869 aliis
1466 793 1537 866 in
1603 789 1763 869 suos
1811 790 1968 867 usus
2005 789 2270 869 donata
2311 848 2333 878 ,
2392 816 2484 869 ex
2554 794 2635 869 iis
2710 794 3188 897 eleemosynas

1080 917 1383 990 erogare
1445 889 1610 969 licet
1653 894 1863 969 uxori
1908 890 2317 969 inconsulto
2365 894 2624 984 marito
2654 948 2675 981 .
2733 911 2814 973 ut
2862 897 3081 988 docet
3127 906 3230 977 ἔ..

861 1092 873 1101 -
946 1004 977 1076 f
1089 992 1327 1069 Thom.
1352 1012 1420 1067 2.
1453 1012 1516 1066 2.
1556 1014 1679 1087 qu·
1725 1008 1838 1079 32.
1885 1010 2013 1066 art·
2048 1004 2113 1076 8.
2171 994 2243 1067 in
2282 992 2734 1087 responsione
2784 996 2872 1071 ad
2946 998 3193 1076 secun·

1089 1094 1317 1169 dum:
1359 1148 1400 1183 ,‚
1426 1148 1468 1183 „
1513 1089 1583 1166 Si
1626 1114 1812 1168 uxor
1839 1091 1869 1176 (
1893 1087 2395 1183 inquit)habet
2427 1094 2587 1170 alias
2626 1117 2733 1169 res
2757 1114 3017 1193 praeter
3044 1097 3185 1175 do-

1085 1205 1238 1271 tem
1266 1248 1287 1277 ,
1315 1216 1471 1289 qnae
1511 1193 1877 1266 ordinatur
1926 1192 2013 1265 ad
2069 1190 2507 1269 sustentanda
2555 1218 2769 1270 onera
2816 1201 3195 1275 matrimo-

1087 1296 1235 1375 nii,
1287 1292 1396 1369 vel
1440 1314 1529 1365 ex
1573 1292 1867 1388 proprio
1913 1289 2154 1373 lucto,
2188 1291 2295 1366 vel
2323 1315 2767 1388 quocunque
2803 1296 2943 1371 alio
2984 1298 3189 1376 licito

1085 1394 1359 1474 modo,
1390 1391 1623 1485 potest
1663 1392 1826 1467 da’re
1877 1389 2353 1489 eleemosynas
2387 1395 2597 1469 etiam
2646 1394 3041 1493 irrequiflto
3090 1398 3194 1473 as.

1085 1492 1278 1571 sensu
1319 1493 1444 1567 viri
1471 1545 1492 1576 ,
1532 1489 1932 1565 moderatas
1960 1504 2195 1566 tamen
2227 1546 2247 1578 ,
2287 1514 2378 1565 ne
2410 1516 2502 1569 ex
2550 1517 2789 1570 earum
2826 1495 3194 1592 superflui·

1087 1605 1234 1670 tate
1279 1594 1382 1667 vir
1441 1591 1978 1688 depauperetur.
2041 1590 2224 1667 Alias
2270 1608 2505 1670 autem
2561 1617 2710 1668 non
2762 1594 2972 1673 debet
3025 1602 3193 1675 dare

1085 1689 1567 1791 eleemosynas
1602 1688 1744 1765 fine
1766 1689 2107 1767 consensu
2124 1693 2273 1767 xviri
2298 1747 2318 1775 ‚
2343 1693 2448 1767 vel
2480 1691 2802 1786 ex'preffo
2826 1744 2848 1777 ,
2878 1695 2984 1771 vel
3011 1720 3194 1791 ptae-

1089 1788 1428 1886 sumpto,
1468 1788 1592 1866 nisi
1620 1791 1692 1864 in
1739 1792 2038 1866 articulo
2079 1789 2535 1894 necestitati83
2577 1792 2751 1870 sicut
2794 1793 2884 1869 de
2935 1820 3196 1873 mona.

1094 1889 1244 1968 cho
1290 1889 1557 1968 dicium
1619 1888 1742 1970 est.
1815 1888 2165 1985 Qiamvis
2224 1895 2415 1968 enim
2470 1891 2719 1968 mulier
2779 1891 2862 1969 fit
2904 1896 3192 1992 aequalia

1095 1994 1258 2070 viro
1306 1992 1377 2066 in
1416 1989 1574 2066 astu
1627 1992 2065 2066 matrimonii
2099 2007 2390 2071 stamen
2427 1994 2500 2072 in
2547 1989 2703 2079 his,
2731 2017 2890 2092 quae
2941 1996 3032 2071 ad
3085 1997 3198 2073 di·

1091 2088 1554 2178 spositionem
1605 2087 1866 2165 domus
1913 2090 2268 2185 pertinent
2292 2144 2312 2175 ,
2353 2090 2482 2163 Vir
2508 2112 2702 2185 caput
2726 2092 2811 2175 cll
2846 2098 3192 2187 mulieris,

1095 2189 1485 2269 secundum
1536 2187 1777 2286 Apost.
1819 2210 1879 2293 1..-
1916 2189 2001 2264 ad
2042 2186 2321 2267 Corith.
2358 2212 2473 2290 υ.
2502 2238 2637 2284 „‚,.
2976 2256 2987 2269 .

1199 2288 1407 2372 Hanc
1444 2289 1763 2386 tegulam
1804 2288 2221 2376 confirmat,
2249 2290 2323 2366 δι
2345 2291 2658 2388 explicat
2682 2297 2743 2364 S.
2766 2296 3188 2385 Raymundus

1093 2385 1216 2469 lib:
1250 2408 1318 2471 2.
1342 2393 1443 2466 tit.
1472 2392 1578 2459 De
1606 2390 1875 2471 furtis.
1905 2394 1970 2478 §-
2016 2404 2089 2490 9·
2139 2445 2181 2481 „
2215 2446 2257 2480 ‚‚
2310 2388 2381 2475 Si
2431 2414 2618 2469 uxor
2660 2394 2943 2488 (inquit
2976 2390 3013 2480 )
3067 2395 3193 2473 ha·

1090 2491 1216 2586 ket
1265 2513 1370 2565 res
1418 2485 1952 2592 paraphernaleq
1992 2542 2015 2574 ,
2049 2488 2121 2563 id
2188 2488 2286 2591 est
2317 2544 2340 2577 ‚
2394 2493 2713 2588 proprias
2756 2512 3008 2595 praeter
3056 2499 3192 2572 do.

1091 2606 1243 2667 tem
1271 2632 1290 2667 2
1314 2589 1545 2685 potest
1572 2590 1662 2664 de
1706 2589 1833 2662 illis
1875 2588 2089 2663 etiam
2128 2591 2358 2666 invito
2383 2594 2537 2668 viro
2563 2592 2787 2669 facete
2812 2596 3195 2694 eleemosy-

1091 2695 1344 2786 κῆον(
1367 2689 1452 2776 C,
1478 2686 1555 2758 de
1605 2689 1821 2784 Patflis
1873 2692 2238 2761 conventis.
2279 2686 2363 2769 L.
2412 2697 2561 2762 Hac
2598 2693 2789 2786 lege)
2829 2693 2947 2772 De
2983 2700 3193 2775 rebus

1022 2798 1029 2803 ’
1089 2806 1331 2875 autem
1380 2791 1552 2882 viri,
1580 2803 1663 2878 ut
1708 2787 1795 2863 de
1850 2794 2076 2887 ptine,
2109 2792 2325 2880 vino,
2356 2791 2428 2866 Gt.
2485 2792 2677 2880 aliis,
2728 2818 2886 2893 quae
2934 2799 3190 2884 bono,

1086 2893 1170 2967 &
1209 2892 1609 2987 approbato
1676 2911 1880 2982 more
1943 2887 2181 2970 solent
2226 2891 2317 2966 ad
2370 2890 2953 2990 dispensationem
3005 2921 3195 2974 uxo.

1089 2988 1254 3067 r‘um
1294 2992 1641 3088 pertinere
1678 2984 1965 3085 {potest
1988 3046 2005 3075 ,
2032 2993 2101 3065 ἃ
2126 2989 2337 3073 debet
2360 2991 2587 3068 facere
2621 2995 3140 3095 eleemosynam
3172 3039 3195 3075 ι

1086 3090 1458 3178 moderate
1512 3110 1786 3178 tamen,
1825 3087 2209 3186 secundum
2254 3090 2658 3169 facultatem
2710 3098 2984 3180 viri,&
3045 3121 3194 3174 ma-

1087 3190 1318 3291 jorem
1344 3231 1365 3266 2
1410 3190 1517 3281 vel
1560 3191 1912 3264 minorem
1951 3190 2525 3276 multitudinem,
2553 3191 2659 3268 vel
2719 3194 3190 3271 necessitatem

1092 3311 1510 3383 pauperum.
1592 3286 1674 3367 Et
1738 3289 1946 3363 dehet
1999 3288 2286 3399 semper
2327 3289 2451 3363 fini
2511 3292 2963 3367 conformare
3015 3319 3191 3367 con-
