3792 5375
545 521 632 642 762
717 517 874 622 Theoi
900 519 1083 634 Dog&
1114 511 1268 614 Moru
1287 507 1384 614 Lib.
1401 509 1481 622 IV.

548 707 632 784 tut.
658 718 734 780 non
756 697 923 778 cibotum
946 687 1203 772 tantummodo
1228 690 1429 788 parcitate.
1451 688 1514 772 sed
1535 695 1612 794 pri·

545 797 691 880 ratione
714 800 870 882 maxime
892 798 1072 874 vitiorum.
1104 792 1200 872 Nam
1225 813 1311 878 cum
1329 793 1382 868 ob
1407 791 1484 872 hoc
1504 800 1614 874 caiti.

546 894 1199 1090 enaiim
1216 888 1611 1080 larinum

829 1025 850 1078 u
893 1053 905 1090 p
1593 1041 1612 1070 θ

546 1099 705 1178 tinentiae
725 1121 840 1196 genur
863 1154 875 1186 ,
901 1118 1011 1194 quam
1037 1110 1077 1173 ut
1109 1093 1244 1190 semper
1265 1091 1371 1174 limm
1399 1097 1444 1172 ab
1471 1096 1608 1192 iniuste

545 1195 733 1280 uoluntate
750 1199 870 1285 sobrii,
888 1198 925 1278 sc
943 1201 988 1275 ab
1005 1194 1189 1278 inhonesta
1205 1189 1347 1270 atiiooe
1359 1193 1472 1290 jejuni
1494 1249 1523 1282 ,.
1535 1241 1577 1290 „.

339 1298 530 1369 onuaeer·
595 1303 629 1371 s.
646 1301 833 1372 Bernartius
856 1297 973 1382 Serm.
991 1319 1022 1374 t.
1052 1296 1100 1375 de
1128 1291 1407 1392 Quadragefima
1433 1317 1490 1381 r„
1505 1351 1530 1387 „
1559 1297 1601 1380 Si

335 1382 417 1520 30¹¹!
435 1401 528 1472 ,Μ’-1·
541 1397 625 1498 gula
647 1397 720 1480 sola
742 1403 925 1495 peccarit,
945 1397 1019 1476 sola
1040 1418 1191 1495 quoque
1206 1394 1361 1490 jejunet.
1381 1393 1420 1480 ἀ
1441 1391 1605 1476 sufficiet

334 1475 476 1608 „2⁸15”
540 1501 580 1578 Si
599 1521 686 1584 vero
707 1513 945 1597 peecaverunt
963 1499 1000 1576 c
1022 1513 1149 1582 caetera
1162 1498 1425 1611 membtagcur
1452 1517 1530 1575 non
1550 1500 1605 1594 ie·

540 1600 668 1700 junent
685 1601 722 1676 δι
735 1600 833 1700 ipsa?
852 1595 998 1704 Jejunet
1016 1619 1106 1697 erpo
1126 1595 1273 1680 oculus,
1288 1616 1350 1692 qut
1373 1593 1602 1710 depraedatur

538 1697 592 1778 est
619 1703 772 1780 ammam
794 1721 808 1792 ;
830 1703 967 1799 jejunet
991 1700 1102 1786 auris,
1119 1698 1256 1795 jejunet
1277 1693 1430 1792 lingua.
1459 1699 1600 1796 Jejunet

538 1821 667 1884 manua
682 1856 692 1889 ‚
710 1803 843 1896 jejunet
863 1801 970 1878 eriam
992 1801 1108 1884 anima
1131 1796 1213 1894 ipsc
1253 1791 1398 1896 jejunet
1421 1797 1552 1876 oculor
1575 1823 1598 1882 a

537 1898 684 1980 curiosis
706 1901 927 2000 aspectione,
951 1907 988 1984 cr
1009 1902 1054 1978 ab
1080 1900 1183 1977 omni
1204 1894 1417 1995 petulantia.
1438 1912 1481 1974 ut
1500 1901 1596 1986 hena

535 1997 742 2090 humiliatur
757 2015 966 2082 coerceatur
991 2003 1028 2077 in
1054 1998 1287 2099 poeuitentia,
1309 1999 1372 2093 qui
1391 1995 1483 2076 male
1503 1997 1596 2080 liber

365 2113 387 2142 ¹·
535 2121 580 2178 va
629 2101 732 2183 batur
754 2105 790 2181 in
813 2102 930 2198 culpa·
964 2099 1109 2201 jeiunet
1128 2100 1222 2177 auria
1244 2099 1408 2196 nequiter
1431 2103 1596 2210 prurient

533 2221 557 2282 a
586 2201 720 2291 abulic.
738 2206 776 2282 ἀ
802 2203 1081 2296 rumoribuc3&
1106 2217 1330 2304 quocunque
1349 2199 1463 2274 otiosa
1487 2195 1595 2288 sunt,

532 2321 578 2378 ac
601 2301 646 2378 ad
671 2301 816 2382 salutem
855 2307 1002 2380 minime
1027 2302 1268 2399 pertinentia·
1293 2291 1439 2397 Jejunet
1465 2294 1595 2397 lingua

528 2421 551 2486 a
571 2397 809 2488 aenaonne,
825 2403 861 2484 o
878 2405 1182 2487 murmuratione,
1196 2401 1241 2476 ab
1256 2396 1442 2478 inutilibus
1463 2406 1589 2482 varie,

527 2514 637 2596 atque
667 2500 866 2584 scurrilibus
891 2503 1030 2588 verbisr
1051 2501 1231 2581 interdum
1256 2517 1408 2598 quoque
1426 2501 1477 2575 oh
1504 2521 1592 2598 gre.

526 2601 675 2678 ritatem
695 2600 840 2681 menni,
856 2603 950 2680 &ab
971 2600 1073 2704 ipsiu,
1098 2623 1180 2699 qun
1205 2597 1315 2678 videri
1341 2614 1510 2695 poterant
1524 2623 1590 2684 ne·

524 2698 675 2784 cessaria.
706 2699 852 2803 Jejunet
869 2729 995 2783 manus
1020 2705 1064 2781 ab
1084 2701 1206 2779 otiosis
1223 2700 1356 2797 signia,
1378 2700 1415 2774 δι
1430 2701 1475 2776 ab
1496 2724 1595 2797 ope-

522 2802 620 2891 ribus
644 2806 813 2884 omnibus
833 2827 1058 2903 quacunque
1090 2827 1167 2878 non
1196 2800 1277 2881 sunt
1302 2802 1485 2896 imperata.
1512 2803 1587 2881 Sed

523 2900 562 2977 st
590 2904 842 3000 multomagis
868 2910 984 2985 anima
1006 2902 1075 3001 ipsa
1103 2905 1236 2997 jejunet
1262 2925 1282 2977 a
1305 2902 1419 2980 vitiis,
1438 2901 1476 2974 ἃ
1499 2924 1592 2999 pro.

521 3003 600 3097 pria
628 3004 813 3080 voluntate
839 3006 907 3085 sua.
937 3002 1078 3083 Etenim
1098 3002 1170 3078 stne
1194 2999 1269 3078 hoc
1294 3001 1430 3095 jejunio
1457 3018 1589 3085 caetera

315 3069 352 3141 m
375 3083 421 3151 ’θ’
523 3124 545 3177 a
570 3098 738 3182 Domino
759 3106 1023 3198 reprobantur,
1044 3102 1132 3187 ficut
1146 3102 1314 3197 scriptum
1338 3100 1410 3176 est:
1431 3100 1587 3197 Quirite

523 3195 636 3273 diebus
649 3202 855 3296 jejuniorum
876 3202 1059 3288 vestrorunt
1085 3206 1304 3275 inveniantur
1321 3200 1510 3273 varunna
1523 3226 1579 3278 ve.

519 3296 594 3387 »am
620 3358 642 3394 n
657 3357 694 3395 m·

574 3398 616 3478 Id
641 3401 833 3483 confirmat
844 3403 1050 3484 Concilium
1064 3398 1330 3483 Mediolanense
1343 3421 1375 3494 5.
1393 3402 1454 3477 sub
1475 3406 1585 3477 nce.

521 3500 593 3574 rolo
606 3506 811 3588 Borrama,
828 3504 866 3582 P.
882 3527 912 3584 t.
932 3510 986 3583 tit.
1010 3500 1070 3581 Dc
1092 3502 1166 3587 his,
1190 3525 1270 3601 quae
1296 3501 1342 3582 od
1362 3503 1435 3579 dics
1448 3501 1587 3597 festor,

482 3658 491 3677 .
521 3603 560 3678 δι
579 3604 670 3679 sacra
690 3602 874 3703 Tempora
897 3609 1086 3701 pertinent.
1119 3650 1175 3694 n„
1205 3600 1582 3699 Quadragefimalibor

519 3696 685 3795 (inquo)
708 3704 822 3782 aliisve
843 3705 965 3801 jejunii
980 3754 988 3781 ‚
1004 3705 1248 3800 poenitentia,
1272 3702 1308 3777 &
1326 3702 1476 3799 publicae
1495 3703 1582 3802 sup.

516 3799 716 3899 piscationis
740 3804 886 3891 diebus.
905 3803 1042 3883 Fideles
1065 3802 1097 3877 se
1121 3805 1200 3879 ritae
1221 3802 1401 3900 disciplina
1425 3803 1579 3883 severio·

513 3904 545 3980 ri
565 3900 805 4001 adstringant;
828 3903 1017 4001 tenuisque
1035 3901 1225 3992 institutit.
1246 3906 1283 3980 δι
1304 3906 1465 3981 moribus
1478 3903 1580 3986 sacro

513 4001 564 4089 illi
585 4008 740 4101 tempori
765 4003 1085 4089 convenientibus,
1114 4001 1147 4079 se
1170 4002 1415 4104 suosque,qui
1441 4020 1577 4099 patrer·

511 4102 659 4192 tamisiae
685 4103 780 4190 sunt.
803 4128 912 4206 quam
933 4101 1115 4184 reiiissime
1136 4107 1173 4183 in
1198 4128 1325 4182 omner
1350 4123 1466 4200 partes
1483 4128 1576 4183 con.

510 4204 681 4281 forment.
717 4203 884 4283 Pretiosos
898 4209 1008 4293 vestes
1025 4229 1102 4282 non
1125 4206 1295 4300 induant3
1310 4204 1367 4281 sed
1383 4203 1574 4292 auritium.

506 4300 533 4379 st
553 4327 627 4381 non
655 4306 850 4392 humilem.
871 4310 908 4385 δι
927 4304 1113 4385 demissum
1128 4310 1305 4392 omnino,
1326 4324 1362 4380 at
1376 4328 1460 4385 cum
1487 4328 1569 4401 poe·

503 4404 681 4490 nitentia,
696 4408 891 4506 jejuniique
912 4424 1078 4505 tempore
1098 4421 1372 4501 congruentem.
1397 4403 1565 4487 Simulta-

500 4511 598 4593 tem.
611 4504 758 4588 odium»
773 4511 995 4596 inimicitias,
1008 4509 1099 4589 rixae
1114 4505 1323 4609 deponant,
1336 4528 1462 4607 pacem
1477 4528 1564 4587 cnm

1417 4628 1497 4687 otu·
