3792 5375
448 489 520 619 ue
533 520 713 616 secunao
725 521 931 641 neorogr
951 497 1177 644 paceio:
1265 531 1352 634 ‘ror
1487 486 1489 489 ‘
1646 565 1653 584 ·

242 793 248 798 ,
285 682 463 802 urgentur
479 701 524 776 ad
556 699 758 791 jurandum
790 697 834 778 Et
857 703 1020 797 quamvis
1048 700 1249 783 haberent,
1269 704 1348 784 tulit
1369 727 1372 734 ’

289 819 408 881 tamen
431 803 621 898 juramenti
645 799 813 892 exaltor,
835 802 891 877 vel
914 818 1080 896 receptor
1096 802 1195 879 causa
1218 804 1289 891 est,
1304 819 1349 883 ut

287 903 364 999 ipso
383 921 535 979 externo
558 923 669 998 opere
695 895 834 994 perjurii
856 921 992 976 nomen
1017 900 1084 978 Dei
1108 902 1297 997 polluatur.

342 1002 385 1079 ld
403 1001 593 1080 confirmat
615 1008 648 1067 Se
662 996 793 1091 August.
815 997 927 1076 Serm·
940 1007 1024 1089 308.
1046 1002 1128 1078 alias
1147 1019 1201 1078 11.
1223 1028 1268 1081 ex
1284 1000 1360 1079 ada·

288 1102 406 1179 ditiea
431 1097 692 1181 parisiensibus.
718 1104 780 1196 qui
800 1099 849 1175 est
864 1098 1105 1178 secundusin
1122 1099 1348 1181 Decouatim

291 1227 337 1279 ue
361 1198 731 1300 SaJoannisBaptillae
759 1220 837 1297 cap·
852 1217 888 1288 4·
908 1233 934 1283 ,·,
953 1255 977 1290 „
1003 1197 1067 1277 Ille
1094 1198 1257 1297 (inquit)
1282 1203 1347 1296 qui

290 1304 478 1378 huminem
492 1302 706 1395 provocavit
720 1298 763 1373 ad
784 1300 1020 1393 jurationem,
1039 1302 1075 1376 ἀ
1095 1300 1158 1377 leit
1179 1325 1262 1380 eum
1284 1303 1347 1378 lat.

290 1402 367 1479 sum
392 1399 459 1476 elle
486 1404 708 1495 juratorum,
729 1402 839 1474 vincit
855 1398 1088 1476 homicidam.
1113 1399 1351 1493 Quiahutni«

289 1505 368 1578 ciria
391 1523 524 1597 corpus
549 1498 727 1576 occisurus
750 1499 828 1582 est,
852 1499 908 1574 ille
933 1503 1088 1576 animam
1112 1522 1122 1589 ;
1152 1507 1229 1578 imo
1257 1503 1346 1580 diua

290 1603 422 1677 animat
445 1641 457 1683 r
478 1601 515 1674 &
533 1601 607 1692 ejus
623 1619 755 1698 ‚quem
781 1599 894 1691 jurare
919 1602 1130 1695 provocarit
1148 1603 1213 1686 ,ἃ
1235 1600 1342 1679 suarm

290 1705 366 1783 Scis
391 1724 514 1780 verum
530 1696 618 1774 else»
634 1703 734 1795 quod
757 1698 863 1783 dicis,
878 1698 1046 1777 &falsum
1071 1698 1139 1777 elle
1152 1755 1160 1778 ‚
1174 1702 1274 1799 quod
1289 1702 1347 1784 illu

291 1807 378 1879 dicit
393 1856 403 1888 ‚
424 1802 589 1895 &iurare
606 1796 821 1896 compellisi
841 1794 936 1876 Ecce
950 1800 1063 1891 jurat,
1084 1824 1168 1878 ecce
1189 1803 1346 1901 pejerat.

294 1925 378 1979 ecce
401 1903 525 1997 perita
555 1917 595 1976 ru
623 1899 710 1995 quid
736 1898 933 1978 inveniltii
960 1895 1043 1975 imo
1069 1902 1105 1978 ἃ
1130 1914 1169 1980 tu
1196 1901 1346 1997 periisti.

294 2006 356 2101 qui
384 2001 430 2077 de
464 2000 554 2075 illiue
584 2015 702 2074 morte
728 2009 764 2075 te
791 1998 910 2074 latiare
933 1998 1073 2076 voluilii
1107 2045 1131 2091 η
1145 2045 1182 2093 1„
1207 2002 1348 2072 Narrat

289 2100 424 2190 subinde
449 2102 536 2171 rivis
564 2097 728 2189 cujusdam
759 2094 975 2196 Hippunrnfir
999 2095 1196 2190 uiuorum,
1225 2096 1264 2169 osi
1286 2099 1349 2171 lruo
1403 2114 1406 2134 ¹
1449 2147 1481 2168 ,-

292 2220 459 2293 peccatum
492 2200 609 2267 divina
641 2201 844 2289 correptione
876 2193 1048 2293 flagellati.
1080 2250 1103 2285 .‚
1126 2251 1148 2291 „
1174 2196 1265 2278 Fuit
1290 2189 1351 2294 hio
1402 2239 1412 2262 f

294 2303 411 2378 homo
431 2299 576 2397 quidam
596 2295 763 2392 simplex.
789 2301 983 2383 innocens,
997 2300 1086 2376 bene
1100 2298 1349 2376 fidelisamul·

295 2408 338 2480 tis
364 2401 499 2477 restris,
522 2401 557 2474 id
581 2399 654 2483 eli,
679 2394 967 2494 Hippunrnlrbut
982 2449 991 2480 ‚
1009 2401 1084 2476 imo
1108 2399 1161 2475 ab'
1176 2399 1347 2478 omnibus
1425 2483 1429 2495 ⁸

296 2504 462 2599 cognitus
485 2555 497 2587 ,
520 2497 770 2596 Tututlymrni
797 2515 957 2576 vocatus.
986 2499 1348 2600 Tutumlymeniquir

296 2604 449 2698 vestrum
471 2623 546 2703 non
568 2607 692 2683 nouit,
719 2600 781 2697 qui
806 2602 899 2673 cives
921 2598 1026 2674 ellisi
1047 2599 1102 2677 Ab
1120 2604 1180 2676 illo
1206 2601 1350 2681 audivit

298 2701 397 2798 quod
415 2703 509 2776 dico.
537 2697 666 2776 Nescio
690 2703 768 2794 quis
801 2701 944 2792 negavit
970 2701 1022 2780 ei,
1039 2700 1094 2776 vel
1121 2702 1222 2798 quod
1245 2722 1348 2774 com·

299 2802 545 2885 mendaverut,
566 2797 620 2873 vel
643 2800 729 2895 quid
750 2800 780 2873 ei
799 2797 1068 2880 debebaturt&
1090 2799 1247 2876 hominis
1266 2797 1349 2873 lldel

298 2902 331 2978 le
358 2898 545 2988 commifit.
581 2897 801 2975 Commotus
825 2902 1038 2991 provocarit
1065 2923 1148 2976 rum
1173 2900 1216 2976 ad
1239 2899 1350 2995 jusju-

299 3001 460 3078 randum·
471 2996 622 3194 ppurant
643 2998 723 3081 ille,
743 2999 803 3072 ille
827 2997 1009 3092 perdidit3
1036 2997 1092 3074 sed
1116 2997 1182 3074 isto
1199 2998 1350 3092 perden⁴

299 3118 335 3178 te
360 3148 371 3179 ‚
393 3099 448 3176 ille
491 3104 610 3189 ¹unitus
636 3101 748 3191 periit·
798 3094 950 3174 Dicebat
977 3121 1072 3197 ergo
1091 3097 1151 3175 iste
1177 3092 1361 3197 Tutusly··

298 3204 392 3277 meni
415 3196 530 3281 homo
550 3203 686 3295 gravis,
709 3196 745 3271 tc
771 3195 908 3278 fidelis,
932 3196 1001 3288 ipla
1024 3198 1128 3274 nolle
1149 3198 1350 3274 exhibitum
1431 3225 1436 3234 ·

296 3302 329 3377 se
348 3298 447 3377 suille
472 3300 524 3492 εἰ
539 3297 714 3391 judicem,
735 3297 771 3372 δι
799 3319 883 3371 cum
902 3321 1037 3393 magno
1063 3301 1224 3393 impetu,
1244 3314 1354 3392 atque

298 3418 432 3478 terrore
447 3397 479 3473 le
527 3394 749 3471 ervenillead
766 3394 1008 3492 praefidentem
1030 3395 1206 3474 excelsum
1226 3420 1353 3488 quem·

299 3500 408 3574 dam.
437 3497 475 3574 δι
502 3496 743 3572 admirabilem
768 3499 913 3577 virum,
941 3500 999 3572 cui
1025 3500 1170 3595 parebat
1190 3492 1351 3574 officium

298 3597 455 3672 {imiliter
485 3596 705 3673 encollorum
727 3643 737 3674 2
757 3584 884 3691 jussum
909 3594 1007 3670 soille
1034 3598 1277 3689 perturbatum
1297 3621 1358 3679 tec:

298 3714 357 3773 tro
375 3700 554 3779 revocari.
574 3698 610 3771 ἃ
633 3699 892 3792 interrogatum
909 3692 1007 3772 soille
1026 3694 1352 3791 hisurrbis:Q1a·

299 3821 337 3872 re
361 3796 560 3888 provocasti
583 3798 767 3871 hominem
789 3795 833 3872 ad
858 3797 1104 3890 iurationem,
1136 3819 1247 3898 quem
1269 3801 1353 3873 teir·

299 3901 359 3972 bat
382 3893 503 3971 lullum
531 3890 597 3971 else
625 3895 849 3989 juraturum?
870 3894 1065 3993 Respondit
1090 3896 1181 3979 ille,
1210 3900 1352 3991 negavit

298 3993 387 4071 mihi
408 4017 483 4071 rem
510 4019 637 4072 meam.
664 3993 884 4087 Responsum
905 3995 954 4073 cll
975 3999 1043 4072 illi:
1066 3994 1110 4075 Et
1128 4019 1251 4072 nonne
1275 4010 1358 4080 meu:

299 4098 364 4171 lius
387 4112 483 4171 erat,
503 4111 544 4171 ut
571 4118 645 4170 rem
672 4110 797 4175 tuam,
818 4117 926 4189 quam
943 4100 1137 4192 exigebas,
1166 4092 1351 4191 perderes.

299 4217 407 4293 quam
435 4218 589 4270 animam
608 4194 763 4282 hominis
792 4193 885 4268 iliius
907 4191 984 4266 falsa
1007 4196 1184 4287 juratione
1201 4194 1357 4288 perine-2

300 4293 380 4370 resi
403 4292 598 4371 Prolirutus
618 4288 726 4386 jussus
755 4291 804 4366 eil
827 4292 937 4366 caedn
967 4289 1082 4366 Caesus
1107 4290 1156 4366 est
1174 4309 1246 4367 tam
1272 4315 1357 4387 gra·
1408 4319 1412 4333 1

298 4397 418 4481 riter,
445 4413 484 4472 ut
508 4398 544 4468 in
572 4390 677 4467 dorso
704 4390 900 4482 evigilantis
923 4389 1065 4485 vestigia
1089 4391 1363 4487 plagarumapa·

300 4500 475 4594 parerent.
509 4493 580 4572 Seri
603 4489 737 4568 dilium
757 4489 806 4571 rii
833 4488 909 4576 illi.
934 4489 1123 4586 postquam
1148 4491 1367 4665 eruentrklatrn¹

1228 4611 1248 4666 a
1294 4613 1307 4663 a
