3792 5375
477 541 547 634 Dc
574 537 698 630 tertio
727 532 930 654 Decalogr
957 550 1184 660 praecepto?
1280 560 1366 665 735'

361 721 407 796 ati
429 713 593 815 legitime,
613 712 850 790 excusentur,
878 719 1015 809 peccati
1048 716 1182 797 lethalis
1206 722 1255 799 rei
1271 723 1364 803 sunt.

360 816 478 897 Nece
502 831 650 914 peccato
666 813 746 889 sunt
759 812 897 912 prorsus
918 817 1117 905 immunes,
1141 825 1202 916 qui
1223 824 1365 912 causam

358 917 528 995 habentes
562 916 756 1011 legitimam
784 916 999 992 abstinentiae
1030 918 1228 1003 solvendae,
1253 925 1363 1000 licen·

357 1023 443 1095 tiam
464 1041 540 1093 nnn
564 1029 693 1113 petunt
714 1016 758 1088 ab
772 1012 969 1116 Episcopo,
985 1032 1047 1093 aut
1066 1017 1252 1112 l’arochir,
1267 1045 1364 1123 quoe

358 1118 454 1197 adire
476 1140 539 1214 per
560 1117 621 1201 se,
635 1114 691 1189 vel
714 1115 886 1211 petasius
907 1117 1008 1191 facile
1028 1115 1184 1215 possunt.

358 1290 391 1356 ta
410 1276 519 1353 docet
541 1280 572 1346 s.
583 1270 745 1360 Thomas,
768 1289 800 1347 a.
817 1292 852 1346 2.
871 1300 931 1373 qu·
949 1289 1032 1367 147·
1055 1290 1119 1354 art.
1131 1298 1167 1370 4.
1193 1334 1215 1366 „
1229 1336 1254 1368 ‚,
1282 1282 1362 1364 sta:

375 1394 451 1456 ruta
476 1377 684 1453 communia
708 1370 871 1470 (inquit)
889 1394 1145 1475 proponuntur
1163 1378 1358 1464 secundum

304 1480 406 1577 quod
431 1476 648 1554 multitudini
678 1479 911 1555 conveniunt.
942 1476 987 1555 Et
1004 1477 1085 1554 ideo
1109 1478 1289 1575 legislator
1318 1488 1357 1563 irr

303 1586 353 1656 eis
375 1576 563 1656 statuendis
584 1574 736 1654 attendit
759 1575 819 1662 id,
844 1577 944 1672 quod
971 1584 1234 1668 communiter.
1267 1583 1357 1664 &in

302 1682 462 1778 pluribus
481 1675 618 1754 accidit.
654 1673 691 1750 Si
717 1675 803 1772 quid
825 1694 944 1755 antem
974 1694 1020 1752 ex
1042 1676 1177 1770 speciali
1200 1681 1297 1760 causa
1318 1687 1357 1763 in

302 1781 424 1877 aliquo
451 1778 650 1853 inveniatur
678 1775 810 1869 ,quon
842 1777 1072 1855 observantiae
1102 1779 1220 1858 statuti
1248 1807 1357 1882 repu.

302 1895 413 1979 gnere
434 1903 508 1954 non
527 1877 680 1952 intendit
700 1890 818 1951 tamen
837 1876 1016 1973 legislator
1033 1876 1077 1953 ad
1099 1879 1216 1958 statuti
1236 1883 1356 1960 obser-

302 1985 458 2057 rentiam
483 1977 670 2072 obligare3
696 1975 733 2052 sn
762 1992 981 2067 nontamen
1006 1976 1056 2054 est
1074 1979 1236 2058 discretio
1255 1983 1354 2060 adbi-

302 2080 427 2158 benda·
461 2074 555 2153 Nam
578 2077 602 2152 ti
624 2073 722 2153 causa
748 2074 789 2151 sit
809 2077 975 2165 evidens,
1004 2077 1238 2174 perseipsum
1258 2084 1353 2160 licite

302 2181 419 2276 potest
439 2179 553 2254 homo
569 2176 686 2254 statuti
715 2178 974 2254 observantiam
989 2181 1188 2276 praeterire,
1209 2183 1354 2281 praser.

302 2284 368 2358 tim
388 2271 644 2357 consuetudine
662 2276 940 2362 interveniente,
961 2279 1017 2354 vel
1032 2280 1055 2353 si
1070 2302 1144 2355 non
1164 2280 1279 2379 posset
1302 2282 1354 2359 sa-

302 2382 364 2460 ciie
382 2381 537 2458 recursus
558 2378 601 2453 ad
620 2374 846 2473 Superiorem
872 2377 1003 2456 baberi·
1028 2378 1067 2456 Si
1091 2404 1176 2457 vero
1196 2371 1294 2460 causa
1308 2382 1352 2461 sit

302 2482 429 2566 dubia,
452 2481 559 2566 debet
577 2476 702 2575 aliquis
722 2476 767 2553 ad
791 2477 1020 2578 Superiorem
1051 2502 1261 2565 recurrere,
1286 2488 1350 2581 qui

302 2580 403 2658 babet
421 2581 631 2673 potestatem
657 2582 691 2652 in
723 2577 847 2654 talibus
871 2579 1099 2675 dispensandi·
1133 2582 1176 2662 Et
1200 2582 1273 2659 hnc
1299 2587 1350 2661 est

302 2678 555 2756 observandum
568 2681 602 2753 sn
615 2677 753 2772 jeiuniis
769 2681 812 2752 ab
834 2675 982 2755 decreta
997 2680 1181 2766 institutis,
1203 2685 1245 2758 ad
1268 2706 1349 2780 quac

302 2802 426 2855 omnes
446 2783 686 2854 communiter
711 2778 936 2874 obligantur,
951 2778 1013 2854 nist
1034 2781 1071 2855 in
1089 2785 1138 2855 eis
1164 2783 1268 2860 fuerit
1287 2787 1350 2858 asi.

302 2879 397 2978 quod
426 2877 570 2972 speciale
595 2876 890 2974 impedimentum
913 2922 990 2965 ‚‚‚‚‚

349 2976 447 3058 Idem
481 2976 669 3054 confirmat
694 2975 835 3054 Concil.
857 2977 1006 3054 Medios.
1031 2993 1064 3048 1.
1096 2978 1157 3057 sub
1181 2981 1212 3052 S.
1230 2979 1348 3052 carnin

302 3083 497 3163 Borromaeo,
520 3077 600 3154 ita.
621 3084 674 3157 rr't.
702 3075 758 3154 De
770 3077 909 3173 jeJ'unio
944 3129 1002 3164 n„
1032 3080 1087 3155 Ab
1104 3082 1156 3156 his
1177 3087 1349 3160 omnibus

302 3174 456 3275 ssr'nqur'r)
476 3202 539 3255 eos
553 3181 792 3271 excipiemus,
812 3203 905 3275 quoa
928 3203 1057 3276 urgens
1073 3178 1270 3267 necessitas,
1288 3184 1346 3259 res

307 3281 465 3358 mbecilla
484 3295 565 3355 aetas
591 3303 610 3354 a
631 3280 753 3383 jejunii
776 3276 855 3373 lege
879 3284 1025 3371 eximit3
1050 3304 1112 3355 eos
1127 3283 1253 3364 etiam,
1281 3285 1346 3377 qui

302 3382 464 3459 evidentia
487 3380 634 3464 morbi,
654 3380 708 3453 vei
730 3377 868 3467 alterius
898 3380 994 3473 justae
1017 3383 1126 3473 causae
1147 3381 1347 3457 excusatio-

302 3504 375 3557 rem
397 3484 551 3574 habent;
567 3478 624 3556 sed
644 3476 776 3556 horum
792 3480 966 3573 judicium
985 3477 1159 3576 Episcopo
1179 3497 1345 3564 tantum,

302 3580 347 3655 rel
372 3585 431 3665 iis,
458 3605 551 3680 quos
575 3586 604 3655 ei
633 3581 770 3655 muneri
796 3579 865 3672 ipse
892 3577 1115 3677 praefecerit,
1140 3579 1269 3677 scripto
1293 3582 1346 3656 s.

302 3682 461 3756 :iendunr
479 3681 732 3775 relinquimus3
758 3678 866 3776 idque
884 3725 893 3756 2
911 3677 1014 3777 quod
1039 3676 1083 3753 ad
1105 3682 1271 3756 morbum
1290 3697 1343 3757 at·

302 3784 403 3862 suet,
427 3781 471 3853 de
498 3784 626 3853 medici
651 3779 799 3857 consilio
816 3833 843 3864 ,,
858 3824 896 3864 ,,.

340 3878 385 3957 Et
395 3879 535 3956 Concil·
547 3877 774 3955 Narbonense
786 3902 881 3953 anno
899 3883 1002 3965 1609.
1015 3876 1149 3973 cap-10
1171 3926 1227 3960 ,.‚‚
1241 3875 1344 3971 Qua·

302 3976 516 4074 stagesrmase
541 3980 742 4073 jejunium,
773 3977 914 4074 vigilia
927 3978 993 4064 ‚-&
1014 3997 1169 4074 quatuor
1180 3975 1344 4068 Tempo-

302 4103 328 4156 'a
352 4104 413 4177 per
434 4078 697 4162 abstinentiam,
715 4082 751 4152 &
773 4081 938 4153 ciborum
955 4078 1129 4151 delectum
1154 4075 1343 4149 observen·

304 4203 357 4258 ur.
385 4180 498 4259 Dinis
520 4180 741 4276 temporibus
759 4181 828 4251 cibi
848 4174 985 4251 venales
1008 4177 1106 4250 vetiti
1129 4196 1203 4249 non
1226 4197 1342 4272 expo.

302 4296 441 4367 rantur.
466 4281 522 4358 sed
558 4303 626 4375 pro
658 4273 856 4352 necessitate
877 4275 1126 4369 aegrotantium
1162 4274 1278 4357 ciam,
1300 4281 1338 4350 dc

301 4379 358 4456 ine
377 4381 540 4458 scandalo
562 4379 822 4461 ministrentur,
848 4374 1057 4449 habentibus
1080 4371 1272 4471 expressam
1291 4380 1338 4449 ab

302 4478 484 4559 'erinario
510 4485 545 4556 io
573 4479 707 4578 scriptis
735 4477 936 4559 licentiam,
960 4497 1067 4572 quarn
1087 4473 1225 4551 nonnisi
1250 4497 1336 4553 nota

339 4577 431 4654 Turn.
458 4581 490 4655 V
498 4584 550 4651 11
562 4583 595 4658 J.
807 4577 838 4653 A
864 4597 925 4652 aa
1226 4597 1297 4679 ne·v
