3792 5375
557 570 648 656 530.
717 539 875 640 Theoi.
898 541 1014 659 nog.
1038 549 1082 638 δι
1102 538 1255 636 ilioni.
1283 539 1379 638 Lu».
1394 543 1479 636 iv.

610 721 655 795 At
680 717 874 813 (inquies)
890 719 1063 794 morietur
1080 713 1217 802 homo,
1233 717 1294 814 qui
1307 715 1489 792 maleficio
1508 720 1621 796 ren-T

554 833 635 905 tur,
667 817 727 892 nisi
751 832 904 898 vocetur
925 813 1126 900 maleficus,
1148 817 1186 890 &
1208 823 1338 912 quovis
1361 817 1511 894 taudem
1533 843 1615 896 uro-

556 921 607 997 do
638 935 791 1012 cogatur
814 913 1026 993 maleficium
1042 915 1190 990 amoliri·

609 1011 1245 1116 Respondetur:Totumelledieinae
1269 1016 1617 1110 providentiam·

558 1121 774 1200 mittendum
792 1165 799 1194 ‚
818 1121 853 1192 &
869 1119 993 1192 melius
1005 1113 1095 1196 elle.
1111 1133 1152 1190 ut
1165 1119 1335 1192 moriatur
1355 1115 1618 1212 homonum

559 1239 600 1300 ut
624 1215 835 1292 maleficium
875 1216 1019 1293 tollatur
1044 1213 1113 1289 alio
1144 1213 1347 1291 maleficio,
1367 1215 1615 1314 daeoroniique

558 1343 668 1418 opera
693 1340 755 1414 per
781 1339 960 1411 magum,
984 1332 1046 1391 aut
1072 1314 1278 1410 l'ortilegum
1299 1316 1344 1390 ad
1371 1315 1445 1392 hoc
1464 1321 1618 1392 invoce-

557 1433 644 1504 tur,
672 1432 733 1493 aut
756 1415 818 1508 ipsi
859 1419 1105 1512 permittatur,
1133 1431 1172 1490 ut
1192 1436 1268 1511 quo
1289 1414 1405 1491 modo
1426 1415 1616 1494 voluerit,

557 1540 656 1614 agro
678 1519 764 1591 ierat
785 1537 893 1610 opem
910 1569 920 1598 ,
947 1531 987 1590 ut
1010 1515 1119 1589 docet
1139 1521 1173 1581 s·
1189 1515 1342 1603 yonam
1359 1513 1613 1604 chrysostom,

556 1616 714 1698 Humilia
734 1631 771 1709 7.
797 1618 834 1689 in
856 1611 1046 1714 Epistolam
1072 1614 1115 1689 ad
1147 1609 1379 1695 Colollenlea.
1408 1613 1449 1691 ld
1478 1613 1617 1693 conlir-

555 1734 630 1794 nrat
644 1723 674 1789 S.
691 1710 887 1808 Augustinus
900 1713 1089 1801 ,Tradatu
1114 1712 1614 1810 510injoannem:„„Cum

556 1818 690 1912 ergo(
718 1809 868 1910 inquio)
904 1815 1014 1891 caula
1046 1813 1213 1890 articulus
1251 1819 1385 1890 venerit
1417 1831 1495 1900 ,ut
1536 1815 1615 1890 bec

556 1916 721 1994 conditio
732 1915 983 2012 proponatur.
1007 1933 1068 1988 aut
1088 1911 1290 1990 faciendum
1307 1912 1376 1988 elle
1395 1931 1526 1992 contra
1541 1912 1615 1990 Det

557 2031 804 2114 preceptum,
829 2032 948 2091 autex
969 2011 1036 2088 hac
1059 2015 1129 2087 vita
1154 2013 1424 2108 emigrandum,
1449 2035 1614 2108 quorum

557 2117 715 2191 duorum
742 2113 856 2190 homo
877 2129 1029 2209 cogatur
1054 2113 1204 2187 alterum
1235 2112 1388 2207 eligere;
1422 2115 1471 2187 ibi
1503 2113 1615 2210 eligat

554 2213 640 2294 Deo
668 2215 794 2290 diletlo
816 2217 934 2289 mori,
962 2235 1070 2306 quam
1099 2210 1237 2288 offenso
1252 2219 1392 2305 virere;
1414 2215 1463 2288 ibi
1488 2213 1612 2289 oderit

554 2319 592 2392 in
617 2314 689 2390 hoc
710 2314 850 2393 mundo
869 2314 1024 2390 animam
1045 2310 1165 2395 luam,
1188 2327 1230 2390 ut
1252 2319 1289 2388 in
1308 2316 1416 2389 vitam
1435 2331 1609 2390 eternam

555 2414 732 2492 custodiat
755 2437 832 2490 eam
862 2469 884 2504 „
902 2462 938 2504 ,,.

606 2512 690 2592 Huc
708 2514 929 2591 referendum
947 2512 1034 2590 illud
1061 2517 1093 2587 S.
1119 2512 1262 2597 Leonis,
1284 2513 1459 2590 Sermone
1476 2528 1536 2604 ¹9·
1554 2515 1610 2586 De

555 2613 700 2709 Paffione
721 2617 880 2700 Domini,
902 2636 978 2708 cap.
1010 2632 1044 2707 ς.
1068 2670 1090 2706 ,,
1107 2668 1129 2705 „
1148 2611 1393 2708 llialignorum
1406 2613 1608 2707 spirituum

553 2712 715 2791 adversus
744 2714 888 2791 stauos
917 2714 1046 2790 infidia
1066 2738 1141 2789 non
1165 2713 1367 2808 quiescunt,
1391 2713 1516 2789 &live
1545 2739 1611 2793 ou·

553 2816 655 2893 culto
676 2815 789 2901 dolo,
822 2814 892 2890 five
915 2830 1041 2907 aperto
1071 2813 1218 2910 praelio,
1245 2815 1281 2889 in
1306 2816 1474 2891 omnbus
1493 2813 1608 2892 fideli-

549 2916 616 2993 bus
643 2914 867 3011 propositum
894 2915 1000 2989 bouae
1023 2917 1216 3012 voluntatis
1245 2914 1414 2992 infestant.
1446 2913 1490 2992 Et
1517 2940 1607 2993 cum

551 3018 599 3091 eis
621 3016 707 3089 nihil
735 3018 769 3089 in
790 3037 1007 3110 quemquam
1035 3014 1184 3109 amplius
1205 3015 1306 3090 liceat
1329 3071 1340 3101 ‚
1378 3039 1485 3113 quam
1507 3017 1608 3111 julli·

550 3118 598 3191 tia
618 3114 737 3189 divina
762 3112 974 3207 permiserit,
1002 3137 1081 3209 quae
1100 3115 1264 3211 dignatur
1285 3114 1364 3192 suos
1383 3164 1391 3189 .
1412 3133 1473 3190 aut
1493 3120 1606 3191 corri-

547 3238 634 3313 pere
660 3214 857 3307 dil'ciplina,
890 3232 951 3290 aut
970 3238 1133 3290 exercere
1149 3217 1338 3313 patientia,
1353 3234 1466 3312 agunt
1484 3234 1607 3294 tamen

550 3312 774 3389 versutillima
797 3330 871 3389 arte
894 3314 1055 3400 fallaciae,
1084 3333 1122 3391 ut
1138 3338 1183 3391 ex
1199 3314 1343 3390 arbitrio
1368 3320 1522 3412 propriae
1537 3339 1608 3412 po·

548 3415 701 3499 cellatis,
723 3428 782 3491 aut
802 3415 927 3489 laedere
947 3418 1154 3500 videantur,
1174 3429 1235 3488 aut
1257 3438 1422 3508 parceret
1451 3417 1488 3490 ἀ
1508 3419 1606 3494 mul·

550 3515 615 3594 tis,
639 3513 739 3607 quod
753 3513 952 3590 dolendum
965 3515 1013 3589 est
1030 3517 1096 3589 ‚ita
1115 3536 1176 3606 per
1197 3517 1389 3608 nequitiam
1410 3513 1607 3593 ssmulatio·

547 3615 602 3687 nis
635 3615 787 3689 illudunt
817 3668 828 3699 ,
855 3630 894 3689 ut
926 3616 1069 3708 quidam
1093 3614 1171 3688 illos
1206 3614 1242 3687 &
1272 3617 1421 3690 timeant
1442 3618 1513 3711 pati
1550 3620 1607 3693 in·

549 3711 665 3788 lenior
679 3764 688 3788 ‚
703 3716 738 3788 lle
755 3714 865 3790 velint
884 3714 1012 3789 habere
1036 3716 1215 3807 placatos.
1241 3736 1325 3790 cum
1344 3714 1513 3791 beneficia
1532 3715 1608 3792 dae·

547 3834 700 3887 murrum
735 3817 902 3889 omnibus
929 3812 995 3888 srnt
1021 3816 1229 3888 nocentiora
1253 3818 1489 3906 vulneribus;
1521 3818 1605 3911 quia

549 3915 660 3988 tutius
686 3913 735 3989 est
764 3913 901 3989 homini
928 3916 1111 3990 inimicitia
1134 3915 1265 3992 diaboli
1282 3914 1467 4000 meruilie,
1493 3937 1607 4014 quem

549 4034 674 4105 pacem
695 4063 765 4105 „‚,.

602 4109 774 4208 Regulam
798 4108 878 4186 deni
908 4135 985 4194 ue.
1017 4113 1119 4210 cujus
1152 4116 1189 4191 in
1221 4113 1460 4211 explicatione
1484 4113 1603 4193 versa·

549 4233 651 4289 mur,
678 4212 867 4287 confirmat
932 4229 1089 4290 ecretum
1114 4212 1214 4291 sacrae
1231 4214 1418 4291 Facultatie
1434 4212 1607 4294 Parifieu·

548 4307 708 4386 suanno
730 4324 837 4404 1498.
865 4333 990 4388 contra
1015 4331 1105 4389 artes
1128 4321 1289 4428 magicas⁸
1301 4319 1449 4390 editum·

551 4410 1612 4697 bu’ssJ'pm?ffuggusffilssdsugecfflogjfflffi,{gg

1519 4638 1542 4696 Ι
