3792 5375
666 675 668 680 .
709 587 778 692 De
804 587 1059 689 Virtutibus*
1096 605 1099 615 '
1330 603 1385 689 st
1510 703 1514 710 Ι

335 781 425 840 cnm
447 772 564 837 tacere
585 758 764 840 nesciant:
779 760 912 839 Rarum
930 762 980 838 est
1005 779 1121 840 tacere
1148 721 1390 863 quemquami

319 886 423 937 -cunr
444 862 505 937 libi
531 862 631 959 loqui
656 859 742 936 nihil
767 860 886 956 prosit.
925 862 1070 956 Sapiens
1096 860 1146 937 est
1174 884 1296 957 ergo,
1329 863 1390 959 qui
1453 941 1462 961 .

292 973 295 978 “
339 967 444 1039 novit
465 977 593 1037 tacete.
636 960 802 1056 Denique
832 959 1007 1056 Sapientia
1033 960 1104 1039 Dei
1134 960 1246 1038 dixit:
1274 964 1389 1030 Doni·
1407 940 1537 1023 lidi&

336 1086 394 1132 ntis
420 1065 511 1130 dedit
544 1061 626 1130 milii
654 1061 800 1152 linguam
832 1063 1060 1139 eruditionis,
1088 1065 1214 1157 qnando
1242 1076 1392 1142 oporteat
1426 1147 1432 1156 .

332 1160 513 1250 sermonem
544 1162 659 1234 dicere.
691 1158 777 1235 ldeo
805 1159 919 1236 Sandii
943 1158 1119 1242 Domini,
1143 1161 1205 1258 qui
1239 1157 1389 1247 scirent,

336 1266 422 1360 quia
442 1283 515 1336 vox
529 1259 684 1350 hominis
704 1260 1062 1357 plerumquepeccati
1080 1262 1303 1337 annuntiatio
1316 1258 1391 1339 est.

338 1365 375 1436 dt
396 1363 533 1436 initium
554 1365 680 1435 e'rrnris
705 1359 852 1451 humani
880 1359 993 1436 sermo
1012 1363 1060 1435 eil
1089 1360 1245 1435 hominis
1265 1413 1276 1445 ‚
1296 1381 1391 1434 ama.

339 1462 427 1535 bant
448 1458 578 1536 tacere,¹
602 1458 770 1555 Denique
786 1459 930 1534 sinuas
942 1457 1093 1535 Domini
1110 1464 1179 1536 ait:
1203 1463 1293 1531 Dixi
1304 1514 1315 1546 ‚
1334 1482 1390 1528 cu.
1407 1455 1506 1526 esaias
1519 1456 1566 1541 tl·

335 1557 475 1639 strideant
500 1568 576 1629 νίας
598 1583 709 1643 moror,
732 1581 769 1629 ut
793 1581 855 1628 non
880 1561 1064 1652 delinquam
1097 1559 1133 1631 io
1164 1562 1276 1652 lingua
1304 1583 1389 1641 note,

343 1658 438 1752 Quis
463 1679 578 1737 autern
610 1660 694 1746 est,
721 1660 782 1757 qui
812 1660 989 1735 mundum
1020 1682 1085 1736 cot
1100 1683 1133 1735 a
1156 1674 1391 1756 peccatorum

344 1764 469 1838 habeat
488 1759 712 1841 colluvione,
735 1774 888 1834 autnon
911 1760 1094 1853 delinquat
1115 1763 1152 1834 in
1171 1761 1290 1853 lingua
1306 1757 1391 1836 lua?

345 1859 390 1939 Et
412 1861 493 1935 ideo
524 1864 604 1954 quia
635 1861 813 1933 neminem
843 1857 1165 1935 videnatsantrum
1192 1882 1234 1933 os
1256 1859 1390 1936 serrare

344 1957 443 2063 polle
468 1961 512 2034 ab
545 1959 767 2035 immunditia
796 1961 981 2043 lermonis,
1004 1958 1075 2055 ipse
1100 1959 1159 2033 irbi
1182 1955 1318 2035 filentio
1339 1958 1391 2034 le·

343 2085 427 2159 gent
458 2058 625 2153 imposuit
646 2060 861 2134 innocentiae
885 2112 895 2143 ,
922 2072 963 2135 ut
994 2058 1148 2134 tacendo
1169 2057 1310 2151 culpam
1326 2059 1389 2135 de·

342 2164 510 2243 clinaret,
533 2182 638 2258 quam
657 2162 727 2232 ¹uix
750 2154 908 2253 effugere
938 2154 1052 2253 pollet
1075 2158 1272 2257 loquendo·
1317 2158 1393 2236 llu-

297 2351 301 2358 .
342 2260 483 2338 dinmus
504 2282 593 2351 ergo
620 2260 796 2334 cautionis
822 2258 1050 2350 magistrum:
1074 2258 1183 2332 Dixi:
1210 2254 1393 2334 Custodiam
1502 2259 1506 2267 '

342 2385 421 2430 oros
444 2379 554 2430 mees··
572 2355 744 2434 Aliaelurrt
759 2359 846 2441 vlae,
870 2379 957 2453 qrtas
980 2359 1148 2435 debemus
1170 2356 1394 2450 lequinius,

341 2472 434 2554 quis
472 2458 672 2544 custodite;
701 2456 795 2552 sequi
826 2458 893 2530 vias
910 2453 1092 2542 Domini,
1119 2458 1297 2533 custodire
1327 2479 1396 2534 no-

343 2561 456 2645 stras3
483 2582 527 2633 ne
548 2561 583 2632 in
620 2558 761 2654 culpam
786 2557 947 2653 dirigunt.
989 2554 1092 2634 Potes
1121 2574 1239 2633 autern
1276 2557 1399 2633 custo·

344 2661 451 2737 dire,
478 2656 501 2733 lt
532 2680 607 2733 non
633 2658 707 2731 ciro
736 2656 955 2753 loquaris„
983 2654 1081 2753 Quid
1111 2656 1246 2754 igitur?
1273 2673 1395 2733 mutos

348 2784 418 2838 nos
435 2755 503 2834 elle
526 2756 705 2855 oportet?
726 2760 886 2832 minime.
913 2753 970 2832 list
995 2765 1090 2833 enim
1118 2777 1258 2852 tempus
1277 2774 1397 2833 tacen-

346 2863 409 2936 di,
427 2860 463 2933 dt
480 2877 618 2955 tempus
639 2856 820 2952 loquendi·
847 2854 987 2932 Deinde
1008 2856 1030 2933 fi
1054 2881 1121 2954 pro
1142 2857 1260 2932 otiolo
1283 2861 1395 2935 verbo
1507 2847 1513 2865 ’

346 2957 530 3037 reddimus
553 2960 749 3040 rationem,
778 2957 984 3039 videamus,
1010 2981 1053 3033 ne
1071 2957 1307 3031 reddamus&
1327 2977 1396 3050 pro
1461 3043 1463 3048 ¹

349 3057 472 3134 otiolo
496 3055 641 3131 silentio·
670 3055 725 3134 Est
755 3058 849 3129 enirn
875 3058 909 3130 do
939 3057 1176 3150 negotiosum,
1192 3056 1395 3141 silentium

350 3172 395 3236 ut
427 3172 500 3232 erat
524 3156 705 3240 Susanna,
730 3179 810 3251 quae
839 3155 916 3249 plus
946 3162 1018 3248 egit
1047 3155 1219 3240 tacendo,
1241 3152 1398 3252 quantit

346 3254 436 3334 ellet
455 3257 584 3332 locuta·
621 3254 793 3330 Tacendo
819 3260 912 3328 enim
939 3257 1031 3348 apud
1059 3257 1251 3339 homines,
1280 3255 1399 3328 locuta
1434 3299 1441 3313 ι

346 3358 402 3433 cll
429 3356 532 3447 De0;
551 3378 616 3430 nec
631 3357 740 3431 ullum
760 3360 869 3450 magis
893 3356 1062 3429 indicium
1080 3356 1144 3428 iria
1164 3354 1325 3428 castitatis
1338 3355 1398 3427 'in-

351 3471 479 3537 venrt.
500 3479 606 3553 quam
633 3456 817 3529 silentium·
848 3455 892 3521 Et
916 3453 1027 3541 talu:
1064 3455 1172 3548 rllliga
1199 3454 1396 3528 l'ermonem
1416 3460 1486 3552 Cap.
1500 3471 1533 3544 3,

351 3569 480 3636 tuum,
495 3579 540 3629 ne
566 3557 739 3635 luxuriet,
759 3579 801 3628 ne
822 3553 989 3638 listinae,
1010 3556 1045 3628 &
1067 3555 1295 3646 multiloquio
1318 3575 1400 3647 pec·

353 3673 435 3731 cara
456 3654 515 3730 irbi
542 3655 694 3748 colligat.
728 3652 780 3728 Sit
800 3654 1008 3735 rellritiior,
1037 3654 1071 3728 dt
1102 3658 1183 3749 ripis
1207 3654 1272 3728 suis
1297 3675 1401 3727 coer-

353 3771 488 3835 ceatur.
519 3753 602 3829 Cito
629 3756 742 3828 lutum
767 3753 902 3848 colligit
935 3756 1045 3828 amnis
1072 3754 1264 3828 extrudaris.
1289 3798 1322 3843 ,ς
1348 3753 1401 3826 Sit

355 3857 414 3929 ori
437 3874 501 3929 tuo
522 3853 670 3931 ollium,
691 3866 729 3927 ut
759 3855 940 3928 clauditur
958 3903 968 3934 ‚
988 3855 1046 3928 ubi
1074 3868 1250 3945 oportet,
1277 3849 1311 3922 dr
1334 3852 1401 3921 ob-

354 3953 488 4029 seretur
513 3952 715 4041 dilioentius
741 3995 761 4033 ,ι
777 4001 813 4033 ,,.
843 3951 1088 4029 Taciturnitati
1110 3951 1310 4048 garrulitas,
1332 3946 1402 4022 stre

354 4050 508 4127 effraenis
533 4051 702 4147 loquendi
724 4055 878 4145 pruritus
905 4057 1114 4150 opponitur.

413 4148 607 4237 Studioftror
628 4158 737 4226 virttis
755 4152 822 4234 est,
841 4174 920 4247 quae
952 4156 1171 4245 appetitum,
1194 4149 1229 4224 dt
1252 4144 1403 4223 studium
1420 4163 1599 4238 studiana„

363 4253 583 4343 cognitionis
603 4251 825 4342 acquirendae
845 4252 1047 4325 moderatur
1064 4275 1074 4341 3
1090 4250 1188 4334 live,
1217 4272 1297 4345 quaa
1325 4271 1404 4322 mo·

365 4349 470 4436 dum,
485 4352 521 4426 dr
539 4350 704 4424 ordinem
725 4349 851 4424 t'ciendi
872 4349 1075 4436 constituit3
1088 4366 1128 4424 ut
1144 4352 1309 4424 nimirum
1325 4349 1407 4421 leia-

363 4471 553 4546 mus,quo
567 4451 692 4523 ordine
707 4505 715 4533 ,
733 4473 806 4547 quo
819 4450 954 4533 lludio,
968 4472 1043 4541 quo
1062 4448 1132 4523 line
1144 4447 1240 4523 nolle
1255 4471 1406 4544 qtiaeqne

364 4566 547 4642 oporteat.
567 4602 592 4634 ,,
608 4595 633 4634 ‚i
655 4546 745 4641 Quo
763 4549 911 4722 ordine,
935 4567 974 4625 nt
993 4549 1027 4625 id
1040 4551 1268 4649 prios,quod
1291 4555 1408 4623 nnt'n·

893 4664 917 4722 D
1287 4669 1358 4726 rius
