3792 5375
382 623 385 628 ,
439 526 511 631 De
536 525 673 654 primo
701 519 910 642 ,Deeaiogt
939 533 1163 658 prerepto:
1261 545 1357 636 ‘raa
1418 529 1420 534 ’

290 696 517 794 -retiotando
539 692 786 797 promisioner
801 696 942 784 Cbriiio
960 697 1063 778 iadau
1075 704 1112 777 in
1132 696 1355 799 baptismate.

307 804 346 890 ἅ
373 801 697 878 abrenuntiationes
725 797 829 879 fruar
851 796 998 877 diabolo
1018 846 1037 892 ¹t
1064 799 1292 898 dicendoque
1309 819 1357 886 ex

308 905 431 980 animo
441 903 624 982 contritot
641 892 846 969 Abretruutio
861 896 927 968 ttsti
941 898 1059 985 setara
1070 946 1082 985 ,
1095 903 1139 973 o
1151 902 1293 995 adjungo
1306 899 1358 969 itte

307 998 391 1087 tibi,
403 993 538 1080 Christo
563 998 600 1074 Si
618 1021 695 1075 reus
713 995 915 1078 schedulam
930 997 1038 1094 ipsam
1060 999 1187 1083 habet.
1200 1000 1255 1077 vel
1279 999 1357 1095 ejut

308 1099 569 1195 transumptum
584 1099 712 1196 ,ipsam
723 1097 883 1194 frangat,
898 1101 1055 1197 igneque
1077 1102 1267 1181 comburat
1288 1121 1356 1178 co·

307 1224 385 1294 tam
403 1195 611 1287 confessario
625 1219 709 1282 cunt
722 1198 952 1275 detestatione
965 1199 1080 1297 pusii:
1112 1199 1136 1276 si
1159 1224 1265 1295 penta
1280 1219 1356 1277 tna·

311 1324 402 1401 gum
419 1299 573 1398 aiiquem
584 1351 595 1383 ,
605 1297 660 1374 vei
669 1295 913 1377 maleficorum
926 1302 1121 1397 principem
1132 1296 1351 1394 deposuerit.

314 1423 462 1490 omnent
482 1397 645 1474 adhibeat
666 1419 813 1497 operam
832 1395 1058 1477 consessuriut
1072 1455 1077 1470 .
1089 1415 1131 1479 ut
1149 1401 1244 1480 iiiam
1267 1400 1356 1478 reei-

310 1505 412 1602 piat‚
442 1521 591 1595 remque
614 1494 697 1582 Deo
716 1498 879 1596 precibus
902 1497 1177 1588 serventissimit,
1205 1502 1242 1578 dt
1267 1500 1357 1594 jeju·

313 1605 381 1690 piir
406 1596 659 1688 commendare
679 1598 799 1691 jubeat
812 1622 824 1689 ;
839 1619 907 1673 nec
920 1616 1038 1676 tamen
1063 1601 1177 1678 media
1203 1600 1359 1678 humana
1408 1680 1410 1684 ,

314 1700 473 1796 negligat
496 1752 510 1785 ,
535 1695 778 1792 minisque.&
800 1700 993 1776 terroribus
1013 1701 1205 1796 prudenter
1232 1715 1363 1778 utatur·

316 1801 548 1898 Quamquam
576 1795 600 1874 u
619 1793 844 1881 schedulam.
859 1796 1144 1898 &syngrapham
1156 1819 1364 1895 recuperare

316 1922 394 1978 noo
418 1893 545 1991 possit.
564 1895 766 1973 monendus
788 1895 859 1981 esi.
875 1920 921 1972 ne
941 1897 1158 1995 despondeat
1180 1902 1364 1984 animum.
1425 1941 1432 1950 ·

316 1997 492 2096 siquidem
519 1998 659 2092 uatium
690 1994 819 2074 sincera
840 1999 1052 2092 poenitentia
1086 1996 1259 2077 rescissum
1287 1998 1369 2085 eit,
1416 2032 1422 2045 ·

317 2122 385 2182 nec
404 2096 467 2194 ipsi
491 2119 624 2174 nocere
648 2096 765 2193 potest
788 2093 1098 2193 chirographum,
1137 2099 1213 2178 uod
1239 2095 1371 2176 chnut
1444 2119 1446 2123 ·

314 2199 471 2377 {ruguit
504 2200 543 2285 io
570 2194 801 2284 Sacrameuto
827 2121 1140 2296 poenitentiariis
1174 2196 1372 2299 applicatur

268 2307 276 2324 '
347 2302 464 2378 tevit.
837 2359 840 2374 .

367 2396 516 2485 Tertio,
540 2417 694 2493 nugor.
714 2394 869 2483 adoino.
892 2394 1372 2485 incantatorumuieficot.

318 2498 655 2598 excommunicator
676 2491 743 2582 eise
780 2493 878 2574 noffe
910 2496 1051 2583 debet,
1079 2500 1374 2575 excommunica·

320 2601 457 2688 tatione
486 2593 664 2691 Episcopo
695 2594 861 2677 reservata
884 2596 958 2683 ,nd
975 2619 1083 2694 quern
1109 2599 1261 2695 proinde
1282 2645 1292 2678 ‚
1315 2595 1373 2679 rei

318 2702 364 2783 ad
389 2701 464 2793 ejut
483 2700 786 2790 prunitrntiarium
807 2696 901 2795 ipsos
930 2699 1104 2784 remittat,
1133 2698 1194 2774 nisi
1218 2696 1374 2797 potetis

321 2811 396 2888 terp
419 2798 543 2872 habeut
561 2795 801 2885 absolvendia
824 2795 958 2879 casibus
979 2796 1166 2874 reservatis.
1190 2796 1230 2872 ln
1255 2791 1373 2893 pletis-

323 2921 394 2996 que
415 2896 523 2986 ttiatu
543 2895 753 2974 dioecesibus
783 2915 973 2992 peccatum
997 2918 1147 2983 eorum,
1163 2899 1225 2994 qui
1239 2894 1371 2973 arioiot

321 2995 547 3081 consulunt,
576 3012 637 3071 aut
676 2995 917 3074 maleficorum
953 3018 1061 3091 opera
1101 2995 1373 3093 quovismodo

323 3115 501 3191 utuntur.
519 3091 696 3192 Episcopo
713 3098 922 3175 reservatum
940 3095 1000 3171 eti.
1027 3093 1156 3174 Videat
1176 3120 1268 3193 ergo
1280 3119 1373 3173 con·

321 3192 474 3283 sessuriua
491 3219 560 3281 ,ne
571 3194 815 3289 jurisdictionis
827 3194 892 3272 sua
904 3250 913 3280 ,
925 3217 966 3273 ac
978 3195 1160 3290 potestatis
1179 3194 1263 3272 stuta
1279 3213 1374 3276 tran·

321 3296 429 3386 silut,
454 3294 1010 3470 atquediichoiiuaeeccleiiaiiicae
1035 3296 1199 3373 ordinem
1221 3294 1364 3375 sertata·

374 3394 542 3491 Quarto,
560 3395 650 3479 utaie
676 3397 815 3482 ciorum
835 3395 1014 3481 tutiores,
1029 3420 1096 3472 nec
1117 3420 1191 3473 noo
1207 3418 1294 3480 eos,
1312 3395 1376 3494 qtts

322 3496 466 3583 illorum
488 3518 596 3590 opera
622 3495 669 3572 ust
683 3495 763 3572 sunt
784 3494 828 3570 ad
852 3497 1059 3572 nocendum
1081 3495 1175 3580 aliia.
1203 3513 1380 3574 nonanto

322 3596 626 3689 absolvat‚quam
640 3593 822 3677 resarciant
841 3597 969 3671 damna
984 3595 1074 3671 iiiata
1093 3651 1103 3683 ,
1124 3597 1192 3673 stre
1211 3599 1381 3695 corpori.
1545 3660 1564 3677 .,
1604 3572 1606 3577 ’
1651 3626 1658 3641 ·

325 3692 397 3771 sive
415 3692 844 3781 honort‚&fana,s1re
863 3699 992 3774 rebor,
1019 3695 1236 3774 restituendo
1267 3719 1382 3795 quan·

324 3810 404 3880 tunt
418 3790 492 3871 fieri
516 3794 658 3889 potest,
679 3799 763 3894 quia
785 3797 869 3873 Nou
887 3797 1074 3875 dimittitur
1095 3816 1270 3899 percarus·
1287 3842 1299 3880 ,
1318 3791 1383 3883 nist

325 3888 519 3971 ressituatttt
538 3890 695 3969 adsutum.

376 3992 541 4091 Quoto,
557 3993 738 4070 maleficos
761 3993 900 4090 obliget
926 3993 973 4073 ad
995 3996 1194 4075 amovenda
1219 3991 1385 4078 maleficii

327 4089 444 4194 dgna,
466 4099 623 4193 igneque
652 4116 735 4179 cunt
756 4097 984 4177 execratione
1005 4098 1098 4187 paui
1125 4094 1374 4175 comburende

381 4194 518 4279 Sexto,
544 4215 670 4286 magon
693 4235 704 4267 t
729 4191 914 4287 sortilegos
939 4246 951 4278 ,
981 4194 1161 4269 maieiicot
1188 4247 1198 4278 ,
1224 4189 1363 4286 arioipc
1437 4258 1447 4281 ,

331 4292 533 4390 astrologia
561 4292 749 4386 judiciariae
765 4287 976 4387 prosrfforet
990 4336 1000 4362 .
1016 4294 1050 4364 se
1066 4292 1234 4369 omnibus
1245 4289 1378 4381 ouibus

328 4395 381 4469 tia
398 4393 720 4490 superstitionibus,
738 4405 800 4467 aut
821 4395 917 4482 tanis
939 4385 1168 4469 observantiis
1183 4392 1374 4488 impurato

309 4514 407 4587 ¹uon
432 4513 515 4581 ante
534 4491 713 4583 absoluta
731 4486 1012 4691 sff⁸s¹⁴i⁹s⁰¹⁰m
1033 4492 1372 4673 ραοίιεῦῑξᾟῐψ

456 4655 458 4658 ’
1079 4667 1081 4671 ·
1301 4645 1319 4695 a
