3792 5375
1126 528 1303 643 310·
1484 483 1801 624 Theol.
1826 524 2066 639 θος.
2119 521 2206 616 ει
2233 520 2537 615 Moral.
2573 521 2763 617 Lib.
2817 521 2973 616 lv.

1137 723 1284 799 que
1315 698 1666 794 illigandis
1694 753 1714 785 ,
1762 697 1876 775 vel
1916 698 2130 775 etiam
2183 696 2506 792 aptandis
2556 696 2878 796 quodam
2952 690 3182 774 modo
3200 703 3233 784 .’

1130 817 1288 878 non
1326 800 1415 877 ad
1453 801 2043 895 temperationem
2089 819 2486 894 corporum
2535 849 2556 875 ,
2607 796 2722 873 sed
2762 796 2850 872 ad
2891 793 3230 892 quasdam

1134 899 1717 998 fignificationes,
1770 913 1894 973 aut
1937 896 2296 982 occultas,
2341 913 2466 973 aut
2522 900 2732 974 etiam
2793 891 3231 990 manifestas;

1065 1005 1078 1023 '
1134 1021 1301 1097 quae
1334 1003 1619 1075 mitiore
1658 1001 1956 1073 nomine
2004 994 2291 1096 Physica
2334 1011 2602 1073 vocant
2649 1051 2672 1084 ,
2721 1009 2844 1074 u't2
2902 991 3040 1072 uafi
3079 1017 3238 1075 non

1129 1097 1625 1196 superstitione
1668 1096 2031 1196 implicare
2060 1150 2083 1183 ,
2131 1097 2246 1173 sed
2289 1109 2535 1173 natura
2591 1098 2819 1195 prode
2875 1120 2915 1172 e
2945 1092 3233 1173 videan-

1138 1211 1260 1279 tur
1316 1254 1359 1286 „
1389 1253 1463 1291 „.

1237 1296 1685 1376 Subditinfra
1709 1300 1776 1365 S·
1808 1292 2078 1389 August.
2100 1317 2257 1391 cap0·
2278 1314 2281 1318 ·
2304 1293 2562 1371 scilicet
2593 1293 2936 1393 vigesimo
2974 1322 3184 1376 nono
3209 1347 3235 1383 ,

1137 1421 1293 1476 non
1335 1397 1683 1494 quidquid
1711 1399 1901 1474 intus
1951 1396 2314 1491 sumptum
2341 1397 2744 1473 naturaliter
2775 1399 3009 1490 juvat.
3038 1398 3235 1476 idem

1135 1501 1352 1575 eriam
1408 1497 1643 1581 collo,
1710 1514 1832 1573 aut
1877 1493 2076 1571 alteri
2123 1497 2448 1589 corporis
2486 1497 2662 1589 parti
2708 1495 3096 1593 appensum
3123 1502 3240 1593 ju-

1134 1611 1336 1684 vare.
1365 1597 1679 1694 ideoque
1722 1598 1973 1687 maiori
2020 1598 2353 1672 cautione
2387 1599 2461 1670 in
2504 1595 2908 1687 hujusmodi
2951 1596 3235 1693 suspen-

1134 1696 1336 1775 fione
1354 1718 1541 1794 opus
1569 1692 1747 1774 effe,
1773 1697 1937 1790 quia
1985 1697 2060 1770 in
2111 1694 2294 1770 hanc
2335 1694 2602 1772 facilius
2644 1694 3233 1792 irrepitsupersti.

1136 1799 1302 1875 tio=
1346 1851 1461 1889 ,,,,
1510 1795 1721 1874 Aliud
1750 1797 1848 1872 est
1878 1796 2066 1872 enlm
2113 1796 2349 1870 dicere
2377 1797 2412 1883 (
2438 1797 2707 1890 inquit)
2742 1798 2977 1872 tritam
3036 1798 3237 1876 istam

1138 1895 1429 1975 herbam
1456 1893 1502 1972 ss
1532 1898 1789 1972 biberis
1813 1950 1835 1981 ‚
1863 1911 2109 1971 venter
2135 1917 2284 1970 non
2311 1894 2581 1972 dolebit
2609 1897 2729 1986 3&
2755 1896 2944 1972 aliud
2975 1897 3073 1971 est
3124 1900 3234 1972 di-

1137 1996 1581 2082 cere,·istam
1632 1994 1924 2079 herbam
1952 1994 2147 2069 collo
2205 1993 2251 2069 fl
2308 1993 3048 2092 suspenderis‚venter
3076 2019 3232 2074 non

1135 2097 1436 2178 dolebit.
1503 2093 1614 2171 Ibi
1640 2097 1828 2171 enim
1876 2097 2219 2190 probatur
2273 2098 2843 2189 contemperatio
2887 2094 3169 2173 salubris
3204 2140 3227 2174 2

1134 2195 1262 2274 hic
1336 2194 1753 2292 fignificatlo
1809 2193 2266 2289 superstitiosa
2309 2192 2686 2272 damnatur
2733 2239 2870 2287 „„·
2942 2192 3234 2283 Quibus

1136 2296 1368 2371 verbis
1411 2296 1673 2382 docet,
1725 2296 1917 2389 prius
1954 2290 2091 2368 effe
2128 2293 2457 2369 naturalis
2511 2294 2845 2381 remedii,
2888 2300 3229 2388 posteriue

1137 2410 1317 2472 vero
1360 2392 1888 2491 iignum-pasti.
1943 2390 2059 2469 Sic
2104 2417 2143 2469 e
2183 2394 2531 2469 converso
2576 2419 2723 2471 non
2783 2396 3133 2492 quidquid
3189 2421 3232 2475 a

1133 2510 1383 2572 natura
1416 2490 1669 2569 efficax
1715 2493 1814 2570 est
1834 2491 2222 2590 appensum
2247 2541 2265 2566 2
2288 2511 2370 2569 ut
2396 2493 2685 2593 quidam
2709 2492 2934 2571 Indici
2960 2497 3228 2593 lapidea

1133 2611 1392 2672 contra
1430 2593 1760 2670 dolorem
1805 2615 2060 2668 renum
2086 2636 2106 2675 φ
2145 2591 2342 2668 lienis
2370 2648 2391 2678 ‚
2442 2596 2581 2669 διε.
2603 2596 2670 2669 id
2723 2598 2932 2670 etiam
2978 2597 3084 2672 est
3127 2595 3235 2671 ef·-

1052 2740 1063 2750 —
1130 2694 1318 2773 ficax
1363 2701 1609 2771 tritum
1658 2749 1679 2778 ‚
1733 2694 1807 2769 &
1849 2696 2038 2770 intus
2083 2692 2465 2791 sumptum.
2520 2693 2763 2792 Pergit
2797 2697 2864 2776 S.
2902 2697 3232 2795 Augusti·

1133 2818 1269 2873 nus
1310 2819 1329 2870 t
1376 2851 1495 2888 „„
1576 2793 2040 2892 Quamquam
2116 2794 2233 2868 ubi
2284 2802 2866 2891 praecantationes
2896 2851 2918 2884 ,
2978 2799 3049 2872 δι
3120 2797 3223 2873 in·

1133 2898 1555 2972 vocationes
1613 2949 1635 2979 .
1726 2894 1800 2969 δι
1875 2892 2251 2971 caracteres
2342 2916 2494 2970 non
2581 2895 2737 2973 sunt
2804 2951 2825 2984 ,
2922 2899 3234 2988 plerum-

1131 3012 1285 3096 que
1363 2996 1665 3089 dubium
1760 2993 1862 3069 est
1920 3041 1944 3074 ,
2008 3010 2252 3070 utrum
2346 3016 2454 3071 res
2504 3051 2525 3081 ‚
2596 3020 2755 3093 quae
2845 2997 3167 3095 alligatur
3201 3051 3227 3080 .

1132 3112 1262 3172 aut
1307 3118 1614 3193 quoquo
1671 3094 1902 3170 modo
1941 3090 2356 3190 adjungitur
2397 3094 2704 3171 sanando
2747 3099 3046 3194 corpori
3095 3143 3116 3176 ‚
3156 3098 3233 3172 vi

1132 3211 1406 3273 naturae
1444 3194 1703 3279 valeat,
1728 3191 1929 3290 quod
1967 3193 2181 3270 libere
2221 3192 2699 3273 adhibendum
2730 3196 2827 3271 est
2858 3219 2981 3277 3an
3016 3197 3232 3293 signi-

1132 3294 1410 3397 ficativa
1462 3295 1770 3391 quadam
1817 3292 2263 3391 obligatione
2316 3297 2733 3386 proveniat,
2765 3296 2967 3386 quod
3012 3312 3220 3372 tanto
