3792 5375
767 542 1035 632 INDEX

272 743 278 754 '
294 745 409 826 Reguli
424 744 465 808 lh
490 740 670 824 Praeceptum
683 743 720 807 de
734 744 893 808 diler‘liune
904 746 1033 822 proximi
1044 762 1103 806 non
1116 744 1239 823 implet,
1251 748 1302 809 nih
1315 749 1364 827 qui
1373 749 1520 826 proximu¹

331 826 370 887 ad
399 824 495 885 Deum
518 824 664 885 adducere
685 837 827 895 conatur,
855 825 964 899 ipsique
978 833 1085 883 aeterna
1104 823 1180 885 bona
1204 842 1357 903 procurare
1378 826 1500 898 nititur,

332 919 523 979 quaecumque
532 899 640 960 auxilia
651 900 676 961 ei
688 900 818 976 praebere
829 903 940 976 potest,
955 912 988 962 ut
1000 899 1114 961 facilius
1125 901 1163 960 ad
1177 900 1269 963 Deum
1291 903 1452 978 perveniat.
1488 905 1548 979 306

296 976 412 1056 Regula
433 975 485 1039 lll.
521 974 662 1037 Officium
688 976 854 1038 dilectionis
872 996 939 1055 erga
965 979 1135 1055 proximum
1153 979 1224 1053 est,
1253 977 1332 1040 illius
1355 996 1444 1040 onera
1479 996 1548 1055 potu

331 1070 401 1116 tate.
519 1103 525 1112 .
1511 1070 1545 1115 12

294 1129 408 1204 uetula
429 1116 478 1191 Ν.
502 1126 662 1192 lethaliter
672 1139 775 1205 peccat
790 1145 892 1191 contra
907 1127 1099 1191 dilectionem
1118 1131 1264 1208 proximi,
1284 1131 1335 1210 qui
1359 1126 1398 1189 de
1414 1129 1475 1191 vita
1490 1070 1546 1191 itli-

332 1213 415 1281 cnjus
428 1206 576 1280 tristatur,
603 1209 631 1266 ot
647 1206 684 1265 de
708 1225 802 1268 morte
827 1206 904 1268 illius
931 1206 1056 1268 naturali
1085 1211 1209 1284 gaudet,
1230 1219 1282 1271 aut'
1301 1207 1381 1268 illam
1406 1204 1551 1268 denuctat

334 1285 477 1345 inefficaci
491 1281 561 1343 licet
580 1281 709 1357 affectu,
728 1287 862 1357 quamvis
882 1304 943 1344 non
963 1302 999 1343 ex
1022 1281 1205 1361 displicentia
1226 1285 1377 1365 periitne,
1395 1280 1444 1343 led
1464 1299 1552 1361 prop-

333 1377 378 1422 ter
397 1357 435 1420 ali
458 1363 515 1421 uod
537 1356 699 1435 temporale
721 1358 964 1422 emolumentum.
1484 1373 1541 1436 314

296 1432 411 1524 Regula
434 1379 466 1496 ii.
495 1436 578 1497 Ordo
597 1440 629 1496 in
650 1435 790 1498 charitate
810 1434 968 1499 servandus
988 1436 1038 1502 est.
1469 1452 1543 1511 315

293 1509 409 1591 Regula
432 1511 481 1573 Vl.
517 1512 586 1573 Non
601 1514 774 1591 peruertitur
789 1514 861 1574 ordo
873 1513 1044 1587 charitatis,
1066 1533 1134 1577 cum
1155 1516 1287 1578 circares
1306 1510 1433 1589 proximi
1455 1512 1546 1588 mam'a

337 1605 535 1664 occupamur,
547 1609 635 1666 quam
646 1592 723 1651 cirea
733 1589 849 1665 lleum,
871 1589 972 1670 reique
984 1591 1041 1654 uei
1051 1630 1061 1665 ,
1073 1594 1162 1654 modo
1174 1588 1326 1656 dilectioni
1337 1588 1392 1651 uer
1410 1588 1539 1650 hominia
1643 1626 1646 1632 ·

336 1666 455 1727 dilectio
471 1671 734 1743 nonprtrponatur.
818 1731 821 1740 ¹
1423 1718 1429 1724 .
1486 1667 1543 1741 316

294 1734 409 1819 Regula
428 1740 490 1803 Vll.
507 1739 706 1819 Unusquisque
717 1755 833 1805 tenerur
840 1744 978 1821 proximo
988 1740 1041 1806 suo
1053 1741 1232 1823 spiritualem
1240 1738 1438 1818 necellitatem
1449 1755 1550 1812 extre·

242 1859 244 1866 ·
331 1839 411 1880 marn
424 1820 546 1909 patienti
569 1818 743 1907 subuenire,
765 1822 853 1881 etiarn
871 1841 939 1883 cum
962 1837 1042 1882 certo
1056 1835 1158 1883 mortis
1178 1820 1330 1898 periculo,
1346 1816 1443 1896 lilpes
1459 1814 1545 1879 afful-

242 2013 246 2052 :
296 1912 419 2053 Regmlta,
431 1896 521 2034 iiiiiil
535 1893 885 2062 inpiic‘hiiiffiail’astorqs
897 1987 1035 2038 tenentur
1053 1993 1121 2038 cum
1137 1976 1203 2035 vitae
1223 1969 1352 2049 periculo
1365 1966 1422 2034 sois
1437 1902 1544 2033 ovilli

276 2078 280 2086 ·
346 2068 499 2110 occurrere
514 2066 632 2125 gravem
650 2049 847 2112 necessrtatem
859 2051 1036 2129 lpiritualem
1049 2050 1235 2129 patientibus.
1491 2063 1547 2125 319

242 2171 246 2188 .
294 2125 409 2216 Regulq
429 2125 484 2216 ix:
507 2129 616 2214 Contra
630 2144 806 2203 praeceptum
825 2129 863 2189 de
882 2130 1011 2215 proximi
1040 2129 1198 2191 dilectione
1222 2126 1371 2189 lethaliter
1391 2131 1543 2203 peccand,

242 2249 246 2286 ³
291 2195 1008 2370 Rquhlainiimgiseciiiiodiliilhiireergainimiena
1025 2279 1122 2371 alliei,
1146 2290 1228 2342 extra
1241 2276 1414 2371 necellitatis
1435 2216 1543 2345 atticum-

332 2356 413 2427 lum,
438 2356 684 2417 numme'neeelle
696 2356 757 2427 est,
785 2357 833 2417 sed
849 2357 940 2419 solum
956 2362 990 2420 ln
1003 2368 1091 2417 anum
1104 2373 1319 2434 preparatione.
1487 2358 1543 2434 316

242 2479 244 2514 :
293 2430 407 2510 Regula
427 2432 481 2495 XI.
502 2433 545 2493 ild
564 2432 731 2492 exhibenda
751 2434 878 2503 inimicis
892 2434 1036 2511 figna,-&
1052 2433 1149 2495 officia
1165 2430 1352 2506 dilectionis,
1370 2433 1544 2524 quaproxi·

330 2510 387 2572 nris
410 2509 441 2569 in
461 2510 613 2571 cummuni
632 2507 828 2580 exhibentur,
844 2511 1000 2573 necellario
1018 2520 1173 2573 tenemurt
1189 2501 1298 2588 alioqui
1310 2507 1458 2574 chanuto
1469 2525 1542 2590 prte-

333 2601 456 2659 ceptnm.
470 2586 635 2658 uiolamus,
657 2588 684 2645 de
703 2585 849 2647 lethaliter
863 2604 1029 2663 peccamus.
1486 2593 1540 2665 327

291 2657 409 2737 Regula
429 2661 500 2726 xri.
527 2659 692 2723 llenelicia,
709 2663 757 2722 vel
776 2664 852 2753 ltpna
872 2663 1039 2728 dilectionis
1055 2707 1064 2736 ,
1081 2683 1146 2800 quae
1165 2664 1266 2741 amicis
1283 2662 1435 2742 speciatim
1458 2663 1545 2733 exhi·

331 2740 451 2827 bemus,
475 2730 602 2797 inimicis
621 2738 761 2798 exhibere
781 2758 842 2799 non
863 2746 998 2803 tenemur
1017 2777 1028 2810 ‚
1049 2742 1101 2800 nir
1120 2742 1281 2805 secundum
1299 2740 1541 2883 praepamtiorssegr

332 2832 431 2875 anrmr.
1392 2823 1398 2837 ‘
1465 2817 1538 2876 ii.

290 2890 408 2967 Regula
427 2889 512 2953 Xlll.
538 2886 681 2967 specialia
703 2889 866 2977 beneficiq,
881 2891 931 2956 vel
943 2891 1022 2972 ligna
1035 2892 1201 2958 dilectionis
1217 2891 1385 2956 exhibenda
1405 2888 1473 2954 lunt
1488 2890 1544 2952 ini·

332 2969 415 3028 micis
437 2970 466 3027 in
485 2967 608 3030 articulo
632 2966 806 3029 ne'cellrcncls
1003 3013 1008 3025 .
1487 2976 1543 3046 328

292 3042 407 3121 Regula
429 3044 513 3108 xlx.
536 3044 767 3118 Salutationem,
789 3042 995 3121 colloquium,
1014 3045 1152 3125 speciales
1175 3046 1321 3109 orationes
1337 3043 1464 3106 inimicis
1487 3063 1542 3109 ex.

332 3122 433 3182 hibere
454 3136 608 3195 tenemur,
628 3140 696 3180 cum
716 3123 745 3181 id
767 3123 1059 3187 neceil'ariumeliad
1073 3126 1249 3187 vincendum
1269 3122 1393 3192 odium,
1413 3121 1537 3197 inquorl

330 3196 592 3276 lomuspropenli:
618 3197 665 3257 vel
685 3198 722 3257 ad
742 3197 912 3262 scandalum
932 3202 1125 3264 avertendum
1139 3246 1148 3276 ,
1164 3199 1212 3262 rel
1226 3201 1264 3261 ad
1289 3197 1541 3260 reconciliandum
1571 3231 1576 3256 ι

332 3272 486 3336 inimicum
497 3277 512 3347 ‘,
528 3274 680 3351 ipsumque
695 3277 732 3334 ad
754 3275 944 3350 charitatem,
960 3281 988 3339 dt
1011 3282 1049 3339 ad
1065 3279 1161 3340 lirum
1178 3275 1388 3338 reducendum.
1488 3289 1545 3350 329

289 3346 407 3429 Regula
426 3349 648 3439 XV3Lethalis
656 3353 780 3487 ⁴peceati
803 3371 868 3414 reus
880 3355 941 3426 eil,
958 3357 1008 3431 qui
1022 3373 1109 3433 grave
1128 3353 1238 3416 malum
1256 3365 1357 3431 optat,
1372 3347 1542 3430 velimpre·
1585 3415 1601 3427 ,

329 3428 636 3499 caturinimrco,aut
678 3425 985 3492 eriliuoadveriitate
1004 3432 1121 3508 gaudet.
1483 3434 1537 3505 331

288 3496 404 3581 Regula
423 3502 504 3566 xxi
526 3501 665 3565 lnimicos
689 3523 706 3564 a
726 3506 933 3593 communibus
951 3508 1132 3569 orationibus
1158 3502 1281 3578 nostris,
1301 3522 1373 3582 quaa
1398 3519 1452 3583 pro
1475 3506 1540 3568 adiit

328 3581 478 3643 fundimus
499 3622 509 3655 ,
528 3576 712 3657 excludere,
734 3598 784 3643 aut
801 3598 903 3644 eontra
926 3584 995 3646 illos
1014 3584 1111 3647 Deum
1130 3598 1230 3658 orare,
1254 3581 1364 3645 lethale
1382 3594 1540 3660 peccatum

328 3656 378 3717 est
1459 3658 1534 3720 ibid.
1651 3698 1652 3701 =

258 3747 265 3760 ·
288 3725 405 3811 Regula
426 3724 524 3793 xvii.
543 3726 668 3792 inimico
683 3732 771 3794 etiam
787 3736 819 3794 in
831 3734 901 3795 odio
916 3734 1060 3814 pertinaci
1074 3743 1211 3795 terremur¹
1228 3734 1365 3809 injuriam
1386 3734 1536 3796 dimittere

328 3813 359 3870 in
380 3807 587 3886 praeparatione
603 3810 711 3882 animi,
733 3810 822 3883 idest,
833 3809 937 3874 odium
949 3856 958 3885 ,
970 3809 1230 3885 malevolentiam,
1256 3816 1283 3872 ἃ
1299 3809 1434 3874 νίηάἰέὶεε
1449 3829 1541 3888 appe-

286 3896 303 3921 ·'
328 3892 415 3947 titum
437 3883 475 3943 de
496 3898 605 3944 onere:
620 3885 727 3963 alioqui
750 3886 867 3952 lethalis
888 3890 1005 3965 peccati
1013 3888 1056 3949 rei
1067 3884 1173 3950 fumus.
1408 3898 1421 3927 '
1480 3903 1539 3963 334
1566 3945 1570 3952 .

284 3961 405 4040 Regula
425 3958 457 4021 X
485 3956 541 4019 lli.
558 3956 681 4033 Inimico
694 3967 809 4025 veniam
842 3965 933 4027 etenti
945 3985 1008 4027 non
1019 3963 1113 4026 solum
1126 3982 1261 4023 tenemur
1281 3960 1421 4024 offensam
1437 3966 1539 4023 remil-

328 4056 388 4100 rere
399 4082 408 4111 ,
421 4035 482 4126 ⁸sed
493 4035 631 4123 etiamtali
653 4056 689 4096 ua
700 3983 932 4114 benevolentia,
947 4040 998 4103 seu
1014 4040 1259 4102 reconciliationis
1281 4041 1360 4119 ngna
1371 4039 1532 4103 exhiberet

330 4119 358 4176 u
379 4134 429 4189 qur
444 4113 473 4173 td
491 4054 886 4192 0m1n1t‚lethnrspecoeu
903 4136 969 4179 reus
984 4118 1032 4177 ert.
1251 4168 1253 4175 .
1478 4131 1534 4193 υς

288 4189 403 4267 Regula
422 4181 513 4278 XlX,
536 4187 688 4277 Actionem
705 4191 856 4260 tttridieam
871 4191 994 4253 inimico
1012 4191 1129 4253 veniam
1146 4192 1259 4269 petenti
1277 4193 1426 4256 remittere
1445 4237 1455 4267 ,
1476 4193 1537 4255 rive

323 4265 549 4404 iaudagtonem
567 4282 620 4340 pro
641 4269 767 4342 injuria,
784 4268 833 4330 vel
856 4268 965 4331 danum
976 4271 1164 4347 condonare,
1187 4268 1364 4334 Christianus
1379 4289 1440 4333 non
1454 4282 1541 4332 tene·

275 4414 279 4421 ,
325 4356 398 4416 tur,
448 4362 464 4403 c
1237 4359 1251 4387 ⁹
1404 4361 1420 4399 Δ
1477 4354 1537 4423 338

284 4414 333 4485 xe
354 4418 400 4482 ula
424 4418 496 4482 XX.
523 4414 641 4482 Paratus
668 4414 725 4480 elie
747 4417 839 4489 dehet
860 4418 1039 4487 Christianus
1059 4424 1097 4487 ad
1113 4422 1357 4505 ,illiserieordirm
1373 4422 1409 4485 in·
1432 4441 1503 4484 omn

371 4497 464 4560 minet
490 4495 698 4564 exercendem.
1484 4512 1541 4579 342

1279 4697 1281 4701 -
1400 4643 1502 4736 lietu·
