3792 5375
554 551 647 643 ppo
732 524 890 650 Theoi,
911 529 1028 645 nog.
1049 522 1257 644 &lloral
1271 519 1366 624 Ln.
1379 517 1458 623 lv.

558 701 718 784 inclinati
734 698 777 778 ad
801 703 1002 779 orationem
1022 717 1104 777 ante
1120 700 1238 777 cordis
1257 698 1373 776 nostri.
1388 699 1521 780 oculos
1532 725 1623 805 pro·

464 853 479 886 .
559 800 819 899 ponamust...
847 799 892 879 Et
911 803 993 879 ideo
1015 801 1039 878 sr
1059 799 1133 878 fieri
1155 825 1231 875 non
1249 800 1385 895 potest,
1406 818 1447 880 ut
1460 806 1544 882 illes
1560 827 1621 884 ce·

558 905 734 1001 privitates
763 903 889 977 animae
913 904 959 979 ad
984 908 1165 996 integrum
1191 898 1325 995 possitis
1355 902 1507 988 eradere
1527 953 1541 989 ,
1563 903 1620 983 rel

557 1018 733 1099 quantum
748 999 951 1097 poll'utnus,
967 1001 1157 1086 auxiliante
1180 997 1370 1086 Domino,
1385 1001 1621 1088 laboretur,

557 1119 600 1180 ut
621 1125 694 1182 eas,
718 1103 772 1176 rel
795 1102 924 1178 tardius
946 1108 1124 1178 incurrere
1151 1103 1354 1188 videamurr
1376 1124 1421 1192 ne
1442 1101 1542 1180 lbrte
1557 1123 1620 1202 per

555 1201 810 1298 negligentiam
849 1202 937 1278 dum
963 1221 1107 1278 orantes
1131 1199 1225 1276 aliud
1264 1203 1496 1298 cogitamus,
1535 1204 1621 1282 inde

553 1293 649 1398 ap'ud
677 1299 797 1379 Deum
831 1306 1049 1378 inveniamus
1086 1298 1285 1386 offensam,
1323 1303 1420 1378 unde
1444 1321 1619 1402 potuera-

553 1424 634 1480 mus
657 1403 836 1499 acquirere
862 1404 1010 1498 gratiam
1034 1454 1058 1484 „
1075 1448 1109 1490 „·

575 1500 647 1570 .fir
671 1501 767 1592 paulo
795 1521 891 1579 anre:
911 1550 969 1591 „‚,
999 1495 1176 1580 Orantes,
1199 1512 1375 1595 quantum
1401 1497 1615 1595 possumus,

550 1598 741 1694 adiumnte
765 1599 935 1678 Domino
970 1599 1202 1685 laboremus,
1227 1615 1266 1675 ut
1296 1599 1390 1677 nulla
1420 1605 1527 1678 nobis
1551 1627 1616 1680 ex·

461 1747 465 1754 ·
549 1714 671 1776 trama
692 1703 867 1795 cogitatio
891 1699 1077 1798 subrepere
1099 1696 1230 1796 possit.
1252 1721 1297 1774 ne
1324 1699 1418 1774 sorte
1434 1703 1532 1780 aliud
1553 1703 1617 1782 lta·

549 1800 696 1878 besuam
726 1802 760 1875 in
784 1803 921 1890 eorde,
950 1802 985 1877 dr
1018 1802 1112 1876 aliud
1136 1800 1355 1895 proferamus
1376 1821 1423 1874 ex
1451 1824 1547 1893 osea
1569 1825 1616 1879 ne

546 1897 643 1977 sorte
675 1900 764 1976 dum
788 1901 908 1997 lingua
935 1897 1058 1978 Deum
1080 1916 1216 1996 rogat,
1241 1903 1416 1995 cogitatio
1445 1901 1481 1976 in
1504 1906 1612 1982 rebus

547 2002 651 2076 uariis
675 2008 874 2099 dccrrpata,
894 2002 938 2077 ab
963 2002 1128 2077 oratione
1153 1998 1265 2076 sensus
1287 1998 1468 2089 dil‘cedat3
1494 2001 1533 2078 de
1555 2004 1612 2078 iu·

546 2098 774 2197 deacquirat
788 2118 993 2198 peecatum,
1008 2100 1103 2176 unde
1116 2103 1236 2197 potuit
1249 2097 1377 2174 habere
1398 2101 1613 2179 remedium,

527 2195 585 2276 ‘st
610 2203 707 2275 enirn
734 2202 829 2301 apud
857 2199 1010 2297 aliquam
1048 2217 1235 2291 potentem
1277 2198 1464 2297 personam
1503 2203 1612 2280 selles

408 2330 411 2337 ·
547 2298 702 2393 aliquant
731 2300 866 2378 causam
886 2297 1108 2378 necessariam
1125 2296 1301 2393 allegare,
1322 2300 1358 2375 dr
1377 2298 1493 2380 sirbito
1510 2323 1612 2378 aver·

547 2395 603 2474 sus
623 2401 667 2474 ab
692 2397 769 2485 illa,
802 2399 915 2475 media
941 2399 1218 2475 interlocutione
1238 2397 1416 2495 disrupta,
1433 2401 1609 2500 aliquibus

549 2511 586 2572 te
620 2496 725 2574 selles
748 2521 925 2593 occupare
953 2495 1251 2575 scurrilitatibus,
1278 2500 1419 2596 qualem
1439 2515 1477 2578 te
1503 2521 1609 2598 putas

548 2597 712 2691 injuriam
735 2598 783 2674 illi
804 2596 984 2696 personae,
1006 2620 1089 2673 curn
1108 2619 1177 2693 qua
1202 2596 1427 2696 loquebaris,
1450 2597 1609 2678 inl'errel

549 2698 756 2796 Quomodo
780 2716 905 2776 contra
925 2714 962 2776 te
983 2698 1073 2775 illius
1092 2699 1307 2776 iracundiam
1329 2698 1607 2779 commoreresl

550 2800 586 2878 Si
608 2822 696 2896 ergo
719 2823 803 2877 cum
823 2801 971 2875 homine
994 2798 1200 2897 loquentes,
1226 2815 1301 2876 tota
1319 2805 1521 2878 intentione
1533 2805 1609 2880 ani·

550 2902 602 2975 mi
622 2900 849 2984 laboramus,
867 2923 913 2976 ne
937 2899 1031 2976 aliod
1048 2903 1248 2993 cogitantes
1270 2900 1341 2985 illi,
1358 2924 1442 2977 eum
1465 2904 1611 2997 quoio·

551 3003 715 3096 quiritur.
733 3003 895 3091 iniuriam
918 2998 1031 3075 secere
1045 3002 1248 3093 videamur3
1264 3023 1347 3078 cum
1367 2999 1449 3078 Deo
1473 3006 1511 3077 in
1526 3025 1609 3080 ora·

549 3105 651 3177 done
684 3099 945 3196 loquentem&
967 3115 1048 3175 ante
1070 3115 1206 3174 tantam
1231 3101 1444 3194 majestatem
1480 3125 1609 3199 pecca·

553 3213 677 3283 torum
708 3200 911 3276 nostrorum
937 3199 1085 3275 miserias
1107 3199 1323 3296 allegantes,
1344 3224 1418 3275 non
1444 3225 1512 3278 nos
1538 3225 1608 3300 pu·

549 3298 634 3386 det,
651 3303 688 3374 dr
710 3322 783 3375 non
799 3295 1033 3377 erubescimus
1046 3353 1056 3384 ,
1068 3304 1215 3395 captivis
1226 3298 1375 3377 sensibus
1390 3300 1483 3386 huc,
1501 3301 1605 3381 illuc-

548 3422 621 3496 que
644 3398 853 3485 discurrere,
874 3400 1103 3475 &infelicem
1126 3417 1285 3475 mentem
1306 3401 1425 3477 multis
1447 3424 1606 3502 occupa·

547 3500 707 3575 tionibus
731 3522 751 3574 a
780 3501 971 3597 conspedu
1000 3501 1127 3575 divinae
1166 3498 1355 3593 lllajestatis
1379 3501 1607 3579 abstrahere?

545 3594 592 3674 Et
607 3600 691 3676 ideo
718 3598 954 3698 unusquisque
975 3615 1164 3697 antequam
1187 3604 1222 3671 in
1251 3603 1413 3674 oratione
1430 3624 1605 3697 procum·

544 3697 606 3775 bat
624 3740 634 3773 ,
653 3721 781 3774 omnes
810 3703 1048 3797 cogitationes
1071 3696 1258 3792 superfluas
1281 3703 1325 3772 ab
1347 3703 1455 3775 animi
1473 3699 1522 3784 sui
1548 3706 1606 3779 in·

543 3799 733 3884 tentione,
758 3795 843 3878 Deo
867 3799 1076 3880 auxiliante,
1101 3797 1268 3895 repellats
1288 3815 1328 3875 ut
1352 3808 1466 3876 anima
1483 3801 1604 3881 nostra

541 3895 647 3974 sandi
660 3896 811 3994 Spiritus
834 3897 975 3975 fervore
1003 3897 1164 3973 succensa
1185 3921 1323 3984 ,omne
1346 3904 1471 3977 vitium
1497 3922 1605 3977 com·

540 3996 770 4093 punctionis,
794 4001 850 4075 rel
871 3999 1042 4074 orationis
1066 4002 1149 4096 igne
1171 3998 1357 4076 consumat
1378 4048 1387 4078 ,
1412 4001 1448 4075 dc
1467 4023 1602 4097 vagas,

538 4118 583 4175 ac
624 4097 791 4175 volaticas
822 4099 1060 4197 cogitationes
1089 4103 1198 4198 longe
1228 4100 1401 4197 dispergat
1419 4115 1432 4189 ς
1451 4117 1493 4177 ut
1520 4100 1603 4176 solae

541 4198 689 4274 virtutes
710 4214 872 4286 tantum,
897 4200 933 4274 ἀ
960 4196 1082 4276 sandae
1102 4200 1349 4279 meditationes
1370 4204 1406 4274 in
1429 4202 1601 4291 cordibus

537 4295 667 4374 nostris
686 4299 810 4376 locum
835 4300 972 4395 semper
998 4303 1180 4376 inveniant
1203 4347 1226 4384 -‚
1243 4346 1279 4390 „.

335 4399 391 4543 ιο..
404 4417 450 4497 aa.
474 4403 514 4473 sd
553 4460 557 4469 .
592 4399 808 4477 Attentionis
826 4402 1003 4475 interioris
1023 4403 1179 4505 pariter,
1201 4401 1237 4471 dr
1262 4414 1432 4476 extremae
1451 4400 1599 4479 necessr-

334 4481 449 4638 &2¹:ss
466 4503 493 4561 5·
538 4511 654 4597 ‚tatem
674 4493 831 4579 trs-Milia
850 4497 1050 4589 audienda,
1074 4494 1274 4597 caeterisque
1303 4500 1427 4580 diuinis
1448 4498 1601 4672 οθῖεἰίε,

435 4654 441 4667 .
604 4660 607 4667 .
1468 4604 1550 4675 aar.
