3792 5375
481 519 568 625 '592
656 503 815 608 Theos
835 505 954 622 ung:
974 502 1183 600 &Morti
1198 503 1294 608 Lis.
1308 465 1409 608 lVl'.
1493 417 1502 444 ἢ
1550 585 1576 598 -

483 704 547 769 ut,
562 678 662 779 quod
687 703 785 758 nunc
800 703 864 777 per
877 678 1093 774 jurationem
1115 677 1238 756 absens
1258 681 1307 758 est
1327 673 1552 764 ‚neminem

483 801 631 860 moveat
659 804 816 866 eorum,
845 786 906 875 qui
941 786 1061 855 audire
1086 797 1307 874 potuerunt,
1333 800 1431 857 certa
1459 807 1542 863 eum

484 883 584 959 caul'a
600 878 839 975 profecturum
859 875 946 964 elle.
968 901 1051 956 cum
1067 882 1253 957 voluntate
1277 881 1466 958 redeundi
1493 892 1546 963 Aa

485 1006 548 1078 per
570 983 642 1057 hoc
656 983 816 1074 perjurus
840 1003 906 1054 nec
927 983 1015 1062 erit,
1031 1001 1097 1052 nec
1120 984 1164 1053 ab
1182 984 1229 1054 eis
1243 986 1452 1076 putabitur,
1482 985 1546 1062 nili

486 1102 614 1157 eorum
637 1080 932 1176 exl'petlatinnem
961 1081 1151 1173 deceperit·
1180 1077 1268 1154 Nun
1293 1101 1418 1157 tutem
1449 1083 1547 1162 deti-

487 1179 660 1275 piet‚nill
681 1195 741 1254 ant
773 1182 994 1254 voluntatem
1031 1182 1222 1255 mutaverit
1233 1184 1328 1271 apud
1355 1203 1422 1256 eos
1444 1184 1547 1261 habi·

487 1280 605 1365 tandi,
632 1297 692 1354 aut
712 1277 902 1374 aliquando
924 1273 1109 1351 discesserit
1139 1277 1211 1354 stne
1231 1277 1468 1378 dispositione
1492 1307 1547 1360 re.

486 1380 630 1456 deundi.
659 1376 884 1470 Quodablit
905 1379 948 1451 ab
971 1377 1045 1471 ejus
1067 1381 1249 1462 moribus,
1265 1387 1301 1454 lic
1315 1377 1413 1466 fide,
1434 1403 1546 1475 quam

485 1477 652 1556 Christo.
667 1483 702 1551 iic
714 1473 873 1552 aeclesia
882 1476 1036 1550 debitam
1048 1477 1168 1551 l'ervat.
1189 1476 1285 1554 Nam
1297 1497 1336 1556 ut
1347 1483 1545 1563 omittam·

487 1583 589 1676 quod
601 1599 743 1652 mecum
767 1579 878 1658 nolti,
891 1598 999 1668 quam
1018 1575 1056 1650 lit
1077 1580 1303 1653 tremendum
1319 1579 1365 1654 de
1381 1587 1544 1675 periurio

486 1683 648 1754 divinum
663 1678 858 1770 judicium3
874 1675 959 1750 illud
973 1694 1068 1750 certe
1083 1678 1154 1752 icio
1168 1729 1179 1763 ,
1194 1678 1280 1753 nulli
1292 1700 1360 1754 nos
1372 1685 1545 1778 deinceps

485 1779 686 1853 l'ucceniere
705 1779 853 1855 debere,
872 1785 932 1870 qul
953 1779 1055 1849 nobis
1073 1776 1268 1871 jurantibus
1282 1801 1358 1854 non
1381 1785 1544 1858 credine*

486 1883 533 1952 tit
548 1931 558 1960 ‚
575 1877 596 1949 li
613 1876 688 1950 ralis
704 1879 765 1951 riri
782 1875 975 1970 perjurium
997 1900 1071 1949 nun
1090 1884 1204 1950 ruodo
1218 1899 1325 1973 aequo
1338 1881 1467 1956 animo
1492 1883 1544 1958 i'e·

484 1980 657 2072 rendum,
670 1999 792 2052 verum
803 1979 907 2049 eriam
918 1974 1181 2051 defendendum
1191 1980 1406 2072 putabimus·
1424 1981 1545 2078 Quod

487 2076 557 2150 &a
580 2079 709 2161 nobis,
731 2081 766 2151 δι
791 2079 834 2148 ab
859 2075 920 2148 illo
942 2092 1075 2148 avertat
1088 2076 1179 2151 illius
1202 2078 1461 2166 mileticurdla,
1480 2087 1541 2179 qul
1581 2137 1590 2156 .

486 2179 580 2250 eruit
598 2201 615 2249 a
631 2177 825 2251 tentatione
852 2173 1026 2265 sperantes
1039 2177 1074 2247 in
1088 2179 1132 2247 le·
1158 2179 1257 2252 sicut
1269 2200 1359 2274 ergo
1374 2199 1413 2253 m
1425 2181 1542 2258 Com·

484 2279 687 2351 monitorio
708 2270 900 2366 relcripsnti
916 2321 926 2354 ‚
943 2274 1088 2368 impleat
1100 2273 1308 2368 promrss'nn
1323 2332 1334 2364 ,
1351 2302 1431 2375 quo
1448 2287 1496 2356 ita
1507 2282 1540 2357 l't

484 2372 649 2471 promisit
671 2377 714 2448 ab
735 2369 909 2467 Hippone
934 2395 1009 2446 non
1034 2371 1269 2463 secell'mum,
1298 2383 1538 2472 quemadmo-

485 2474 573 2548 dum
589 2496 680 2568 ego.
697 2475 750 2547 vel
763 2476 824 2570 ipli
844 2470 1088 2567 Hipponenses
1111 2498 1186 2549 non
1204 2478 1402 2555 recedemus
1420 2522 1431 2556 2
1459 2489 1539 2577 qui·

484 2573 551 2648 bus
566 2588 683 2648 tamen
700 2574 736 2647 &
757 2573 931 2654 abeundi,
944 2571 979 2646 ἃ
993 2573 1164 2649 redeundi
1177 2574 1321 2652 facultas
1333 2582 1383 2655 est
1403 2583 1536 2663 liberat

484 2671 765 2765 alimoniis,
788 2678 849 2771 qui
871 2672 1046 2767 juratione
1072 2690 1147 2749 non
1178 2675 1400 2767 detinentur.
1427 2689 1533 2759 etiam

485 2780 639 2849 omnino
663 2776 698 2848 ἃ
721 2776 915 2871 migrandi,
933 2773 969 2847 δι
1004 2797 1079 2849 nun
1104 2773 1273 2853 redeundi
1295 2779 1368 2856 fine
1389 2786 1534 2877 petruni

484 2891 584 2950 reatu
606 2875 757 2970 potestas
784 2872 832 2948 est
858 2925 928 2964 „„.

537 2973 581 3050 lit
604 2975 758 3072 Epillola
784 2982 864 3046 126.
894 2971 974 3046 alias
989 2991 1071 3060 225·
1091 3023 1114 3063 „
1143 2971 1448 3072 Expectationem
1470 3003 1534 3059 eo·

486 3121 509 3169 „
526 3095 605 3149 tum
619 3132 628 3160 ‚
643 3078 772 3172 quibus
783 3076 928 3169 juratur,
945 3073 1099 3172 quisquis
1112 3075 1309 3174 deceperit,
1322 3103 1398 3155 nnn
1415 3082 1535 3177 potest

484 3229 508 3269 ,‚
526 3174 592 3249 elle
617 3200 692 3250 nnn
714 3178 874 3270 perjurus
894 3213 929 3264 ‚‚.

536 3276 636 3350 ldem
656 3276 746 3349 libro
766 3286 886 3341 cotnra
899 3274 1123 3356 Mendacium,
1143 3298 1221 3370 esp.
1242 3286 1297 3361 18·
1325 3292 1438 3355 artem
1459 3281 1534 3361 dir·

485 3375 639 3449 bolicam
676 3372 862 3451 excusandi
891 3373 1039 3468 perjuria
1074 3375 1237 3450 adhibito
1274 3378 1532 3459 rellticlionum

485 3474 694 3549 mentalium
707 3474 767 3550 usu
778 3473 981 3570 gravissimis
994 3475 1106 3548 verbis
1119 3480 1309 3551 inletlatur·
1323 3532 1344 3568 „
1359 3535 1380 3569 „
1394 3478 1439 3557 Et
1453 3482 1534 3559 lunt

483 3572 521 3645 in
539 3576 587 3646 eis
605 3575 699 3648 nocti
710 3577 728 3667 (
740 3569 873 3667 inquit)
887 3579 947 3666 qui
961 3577 1064 3647 etiam
1079 3578 1215 3670 regulas
1232 3574 1364 3672 ligant.
1376 3580 1534 3680 linelqus

483 3672 719 3755 constituant.
735 3673 882 3766 quando
895 3675 1038 3755 debeat,
1055 3676 1201 3768 quando
1226 3699 1302 3750 nun
1324 3682 1452 3755 debeat
1468 3705 1532 3782 pe·

484 3770 595 3864 jetan·
621 3768 658 3846 O
678 3775 737 3846 nbi
752 3773 828 3845 eliis
844 3775 961 3848 lantes
975 3772 1237 3870 lacrymarum?
1257 3775 1405 3874 Ecquid
1425 3781 1531 3858 lacie-

349 3933 358 3965 ,
482 3871 591 3949 urus?
609 3869 697 3962 Quo
710 3871 862 3945 ibimus?
876 3870 944 3947 Ubi
964 3895 1029 3945 nos
1044 3876 1303 3951 occultabimus
1314 3886 1358 3952 ab
1375 3884 1423 3955 ira
1439 3885 1529 3957 veri·

482 3973 587 4058 tatis,
606 3972 631 4045 li
651 3990 724 4046 uon
748 3968 860 4044 solum
879 3973 1093 4067 negligimus
1115 3997 1238 4051 cavere
1254 3980 1526 4067 menducia,led

391 4123 403 4145 .
481 4070 652 4146 audemus
675 4068 811 4166 inl'npet
837 4072 969 4147 ducere
998 4094 1149 4165 perjuria
1176 4075 1264 4166 ‚,„?
1533 4152 1537 4157 ,

531 4168 631 4246 laen
643 4167 833 4246 confirmat
847 4177 878 4240 S.
895 4170 1029 4266 Proper
1048 4220 1057 4248 2
1081 4178 1181 4269 cujus
1197 4174 1384 4272 praeclaros
1411 4175 1528 4257 versut

480 4271 682 4344 Hinrmrrrn
702 4271 996 4370 archiepiscopus
1020 4273 1226 4354 Rhemeulis
1237 4282 1345 4353 relect
1360 4280 1455 4357 libro
1471 4286 1528 4353 De

480 4373 648 4444 Diserti·
666 4372 822 4445 corcani
833 4388 847 4459 ,¹
858 4375 901 4446 θ’
921 4373 1100 4468 Tetlrtrgae.

1299 4522 1304 4531 ’
1417 4544 1485 4655 'At
