3792 5375
554 535 641 652 lta
731 533 889 637 Theou
910 535 1029 662 uon·
1048 527 1460 632 &monilium

350 673 457 796 Μ’,
472 702 537 797 Jn-
605 709 653 792 ΙΙ.
679 706 787 789 Ratio
803 707 930 786 altera.
947 709 999 785 ob
1009 731 1119 807 quam
1143 707 1301 810 aliquisa
1324 705 1448 804 jejunii
1466 703 1551 806 lege
1573 706 1618 792 lat

351 777 727 931 ξοξζξξζξξξῖζὶωωιζηίρ
762 808 958 925 secantium
991 806 1216 925 Concilium·
1233 805 1455 885 Toletanum
1493 819 1529 901 8.
1565 811 1616 894 eli

372 930 515 1034 enirm.
555 913 688 990 AEtetts
705 904 953 1003 rmpnffibeluas.
981 907 1191 994 Secundum
1206 908 1305 985 astam
1318 903 1496 1004 Regulam
1513 932 1615 1004 pueri

363 1019 406 1085 iio

557 1014 680 1114 jejunii
703 1010 784 1108 lege
809 1032 888 1086 non
908 1023 1077 1087 tenentur
1096 1008 1209 1107 usque
1235 1007 1280 1086 ad
1311 1007 1420 1086 linem
1443 1013 1540 1086 tertii
1564 1009 1616 1088 le-

557 1110 752 1214 ptenni‚id
780 1109 856 1197 est.
881 1107 992 1227 usque
1015 1109 1062 1186 ad
1077 1133 1215 1225 annum
1231 1105 1441 1225 sigefimum
1455 1110 1615 1205 primum

556 1208 1615 1407 lulllllsliltlllltla”fitilllllt1llll:

556 1437 640 1491 rum
666 1407 1028 1497 circumstantiarum,
1056 1410 1245 1512 praelertim
1265 1431 1351 1490 vero
1368 1431 1454 1487 cum
1475 1413 1517 1488 iis
1541 1411 1612 1494 fer.

555 1537 641 1590 rere
653 1513 777 1608 incipit
789 1508 1233 1605 carnalisconcupilcentia
1246 1564 1257 1596 ‚
1269 1509 1314 1586 ad
1331 1531 1438 1607 quam
1453 1508 1612 1591 doman-

553 1611 641 1692 dam
664 1627 781 1690 certos
798 1609 1020 1708 ieiuniorum
1044 1610 1208 1707 diesiplis
1231 1609 1387 1706 prudens
1410 1612 1610 1694 animarum

553 1713 716 1792 medicus
735 1711 1045 1809 praelcribetexiis
1062 1711 1355 1808 praesentissimi
1373 1707 1534 1788 Eccleliae
1558 1712 1610 1790 le·

430 1825 435 1836 '
553 1835 604 1911 ge
622 1812 757 1911 jejunio
773 1810 968 1888 consecrati
988 1810 1081 1892 lunt.
1108 1811 1160 1890 lta
1172 1811 1282 1894 docet
1299 1819 1331 1882 s·
1346 1808 1490 1886 Thomas
1503 1831 1557 1897 ,m
1572 1831 1611 1892 2·

552 1935 615 2014 qu.
635 1932 715 2007 147.
741 1927 854 2008 artat
882 1913 918 1986 in
933 1909 1216 2011 responssonead
1232 1909 1421 1998 secundam
1434 1899 1610 2007 objectio&

550 2032 663 2096 nem:
682 2070 705 2107 „
719 2068 742 2104 „
761 2009 804 2090 ln
824 2012 1092 2110 puerisrmqun
1107 2010 1506 2107 )maximeellevidens
1520 2035 1607 2094 cau·

548 2111 585 2192 se
603 2135 678 2190 non
702 2113 906 2211 jejunandi,
931 2127 1010 2193 tum
1030 2129 1181 2212 propter
1199 2113 1416 2191 debilitatem
1443 2129 1604 2194 nature.

548 2235 677 2313 exqua
697 2217 886 2312 provenit,
913 2211 1017 2312 quod
1044 2216 1209 2314 indigent
1228 2214 1406 2311 frequenti
1424 2213 1510 2291 cibo
1533 2267 1545 2300 ,
1565 2215 1605 2294 ἅ

546 2335 626 2396 non
643 2315 759 2396 multo
780 2310 883 2392 limul
896 2310 1042 2409 sumpto
1066 2338 1077 2407 3
1104 2317 1313 2392 tumeliam
1335 2313 1418 2411 qula
1441 2313 1605 2410 indigent

543 2413 666 2501 multo
705 2416 929 2492 nutrimento
951 2412 1106 2512 ‘propter
1126 2412 1362 2492 necellatatem
1392 2417 1600 2510 augmenti.

542 2513 647 2612 quod
667 2511 709 2592 lit
725 2513 771 2591 de
800 2510 942 2596 reliduo
963 2512 1133 2595 alimenti.
1164 2512 1208 2594 Et
1235 2514 1318 2604 ibo
1339 2516 1499 2632 quandiu
1522 2515 1603 2597 sunt

543 2607 584 2691 in
603 2614 693 2693 statu
710 2617 920 2711 augmenti.
936 2616 1039 2715 quod
1064 2615 1134 2705 est,
1152 2630 1193 2695 ut
1217 2615 1253 2692 in
1269 2614 1428 2713 pluribus
1452 2668 1463 2703 ,
1489 2614 1602 2713 usque

544 2714 591 2791 ad
610 2714 720 2795 finem
742 2718 836 2794 tertii
854 2715 1052 2813 septennnri
1065 2759 1075 2793 2
1090 2742 1167 2797 nnn
1187 2730 1353 2797 tenentur
1378 2717 1422 2793 ad
1440 2716 1602 2793 ecclelia·

544 2815 628 2895 ilica
646 2818 777 2914 jejunia
800 2815 1027 2895 observanda.
1056 2816 1284 2896 Conveniens
1310 2832 1429 2893 tamen
1454 2815 1535 2904 eli.
1558 2833 1603 2895 ut

543 2919 652 2992 etiam
674 2921 712 2993 in
740 2916 815 2998 hoc
838 2932 1005 3013 tempore
1026 2915 1059 2992 se
1089 2917 1134 2994 ad
1154 2916 1384 3013 jejunandum
1408 2934 1602 2996 exerceant

572 3015 649 3103 lus.
669 3017 725 3097 vel
748 3019 890 3100 minus.
917 3017 1113 3096 secundum
1132 3018 1283 3101 modum
1308 3020 1376 3095 luae
1393 3018 1503 3097 aetaus
1522 3072 1546 3113 „
1562 3065 1601 3110 ,,.

583 3120 642 3194 inc
663 3122 695 3188 S.
706 3114 845 3205 Baftliur
865 3113 1089 3202 Orationem
1110 3117 1317 3211 Dejejuniu‚
1332 3121 1400 3199 ait:
1420 3118 1519 3187 Petere
1537 3140 1601 3187 ve.

542 3216 595 3286 lut
616 3218 734 3310 plenta
746 3220 874 3287 virides
890 3218 1018 3309 jejunii
1036 3240 1119 3312 aque
1137 3222 1334 3312 irrigantur.
1360 3216 1463 3295 Pueri
1475 3210 1601 3299 tamen

540 3317 757 3397 abstinentiae
777 3344 797 3398 a
818 3320 905 3397 cibis
922 3320 1038 3395 vetitis
1060 3321 1277 3415 jejuniorum
1297 3319 1421 3394 diebus
1440 3317 1521 3414 lege
1543 3335 1599 3396 te-

540 3432 702 3505 nentur,
732 3444 778 3500 ex
804 3443 881 3516 quo
907 3423 1055 3496 rationis
1076 3419 1175 3498 ulum
1200 3422 1421 3516 attigeruutt
1452 3421 1530 3496 imo
1554 3421 1597 3501 ἀ

539 3534 733 3618 antequam
754 3524 892 3597 ratione
915 3534 1082 3607 utantur,
1101 3516 1260 3599 Ecclesrae
1279 3517 1478 3616 disciplina,
1499 3518 1597 3597 mol·

540 3637 614 3711 que
636 3620 761 3716 populi
787 3619 856 3709 Dei
883 3644 968 3718 erga
992 3620 1069 3697 illos
1097 3620 1223 3696 servari
1248 3618 1384 3704 debet,
1409 3635 1449 3697 ut
1474 3641 1596 3721 neque

540 3737 685 3804 carnes,
702 3743 818 3813 neque
832 3744 923 3807 ova,
948 3719 1051 3796 aliive
1071 3723 1140 3797 cibi
1150 3721 1371 3813 jejuniorum
1394 3719 1517 3797 diebus
1531 3743 1595 3798 ve-

538 3818 594 3892 titi
614 3815 693 3913 iulis
711 3818 1033 3905 subministrentur,
1049 3819 1112 3896 nist
1127 3820 1165 3895 id
1186 3821 1308 3917 exigat
1321 3816 1479 3914 ipsorum
1494 3818 1595 3900 infir·

536 3919 668 4004 auitas.
694 3906 750 4000 uel
768 3920 945 4016 languor,
976 3920 1113 4018 alioqui
1141 3924 1295 4017 graviter
1332 3934 1506 4016 peccant,
1527 3923 1594 4020 qui

530 4013 739 4110 hujusmodl
768 4024 868 4097 cibos
900 4018 978 4117 iplis
1009 4039 1224 4119 apponunt,
1248 4021 1409 4120 quamvis
1429 4020 1526 4099 nulla
1547 4020 1593 4101 lit

528 4112 598 4194 hac
618 4122 654 4195 in
677 4144 715 4195 re
739 4122 844 4219 culpa
859 4124 1061 4198 innocentis
1082 4127 1205 4200 artatis.

577 4219 826 4298 Adulescentes
844 4221 997 4325 religiosa
1029 4225 1074 4299 ad
1094 4225 1312 4320 jejuniorum
1338 4216 1593 4299 ecclesiastieo-

522 4338 629 4401 rum,
653 4321 688 4395 δι
719 4320 950 4420 Regularium
974 4325 1230 4402 observant-iam
1250 4322 1484 4418 obligantur,
1510 4344 1590 4400 nora

521 4419 748 4499 ecclesiastica
782 4426 884 4517 lege,
917 4424 974 4499 led
995 4424 1154 4519 religiosa
1184 4419 1412 4509 Prufeffionn·
1439 4419 1590 4502 Undefi

515 4508 724 4609 hujusmodi
747 4522 879 4617 jejunia
901 4539 1079 4621 praecepta
1107 4521 1175 4605 smt
1198 4525 1235 4601 in
1253 4516 1413 4621 Regula,
1435 4522 1584 4639 vellin-

1424 4636 1534 4717 tutis,
