3792 5375
938 565 943 570 '
1090 539 1265 658 ‘502
1456 541 1777 642 Theol.
1818 545 2055 656 Dog.
2106 543 2192 632 St
2223 539 2530 637 Moral.
2576 537 2766 640 Lib.
2793 466 2948 642 lV.

705 1859 998 1974 Galata.

1088 723 1396 817 spicatas
1426 716 1637 793 fuerit
1657 770 1677 802 ,
1714 739 1841 814 per
1874 717 2277 795 universum
2298 715 2448 796 hoc
2470 718 2866 817 exspetstare
2885 738 3207 807 annum;

1098 841 1339 912 neque
1384 820 1709 893 amentiae
1756 814 2028 903 solum,
2076 816 2192 893 sed
2237 817 2605 898 diabolicae
2646 818 3009 908 cuiusdam
3057 816 3209 896 effi·

1097 921 1353 996 centiae
1376 916 1716 994 indicium
1740 916 1876 1001 est,
1907 938 2061 992 non
2092 922 2394 1012 proprio
2420 920 2653 998 studio
2675 970 2696 1002 ‚
2720 923 2791 995 &
2821 919 3157 996 alacritati
3182 973 3207 1004 .

1096 1018 1215 1095 fed
1268 1016 1685 1112 quibusdam
1730 1015 2005 1093 dierum
2054 1020 2595 1097 circuitionibus
2639 1021 2855 1096 vitam
2896 1019 3209 1095 nostram

1096 1117 1634 1193 commendare.
1690 1111 1863 1191 Dies
1920 1118 2110 1192 enim
2148 1119 2383 1197 bonus
2411 1173 2435 1207 ,
2469 1122 2541 1195 δι
2576 1119 2797 1196 malus
2849 1119 2950 1196 est
2978 1174 3000 1205 ,
3056 1140 3211 1195 non

1096 1215 1221 1295 fua
1264 1216 1605 1313 quadam.
1640 1215 1712 1293 δι
1758 1216 2046 1315 propria
2090 1219 2581 1309 natura(nibil
2623 1221 2810 1294 enim
2859 1218 3062 1294 diesa
3093 1217 3212 1294 die

1096 1313 1343 1393 differt
1395 1312 1567 1408 )sed
1602 1314 1838 1391 nostra
1883 1315 1991 1390 vel
2047 1316 2409 1412 diligentia
2440 1374 2461 1405 ,
2491 1320 2602 1397 vel
2641 1322 2942 1416 ignavia.
2993 1316 3066 1395 Si
3099 1319 3215 1414 ju-

1102 1417 1364 1493 stitiam
1400 1415 1647 1491 feceris
1667 1458 1684 1489 ,
1721 1414 1956 1491 bonus
1990 1416 2117 1493 tibi
2147 1419 2297 1495 dies
2335 1422 2469 1497 erit
2491 1448 2519 1504 ,·
2543 1418 2595 1497 fi
2621 1433 2997 1518 peccatum
3019 1473 3043 1507 ,
3065 1437 3220 1495 ma-

1104 1514 1215 1595 lus
1242 1569 1261 1599 ,
1287 1516 1361 1589 &
1395 1513 1712 1610 supplicii
1769 1511 2024 1611 plenus
2066 1572 2112 1608 „
2139 1562 2215 1610 „-

1203 1614 1402 1692 ldem
1428 1613 1809 1691 confirmat
1829 1620 1887 1690 S.
1920 1613 2316 1711 Augustinus
2335 1673 2356 1705 .
2383 1612 2688 1716 Epistola
2714 1635 2835 1712 ςς.
2859 1615 3022 1694 alias
3046 1630 3223 1709 119·

1100 1712 1192 1793 {d
1253 1716 1671 1804 januarium
1692 1762 1717 1797 ,
1739 1736 1896 1809 cap.
1925 1733 1999 1811 7.
2051 1770 2097 1808 ,‚
2119 1772 2163 1808 „
2213 1714 2391 1796 Non
2417 1721 2657 1816 itaque
2688 1720 2969 1812 (inquit
2995 1720 3023 1806 >
3067 1716 3218 1792 dies

1094 1814 1563 1892 observemus
1589 1859 1606 1891 2
1646 1814 1718 1890 δι
1750 1837 2019 1908 asinos,
2051 1816 2126 1892 ἃ.
2152 1816 2420 1895 menses
2442 1873 2462 1905 ,
2493 1819 2566 1895 &
2590 1835 2918 1915 tempora
2942 1858 2963 1896 ι
2989 1839 3081 1893 ne
3099 1837 3224 1893 au-

1100 1915 1384 1994 diamus
1437 1915 1525 1990 ab
1551 1913 1907 2009 Apostolo
1954 1936 1978 1985 τ
2019 1915 2250 1987 Timeo
2296 1939 2463 2001 vos,
2497 1941 2577 1989 ne
2603 1914 2786 2008 sorte
2840 1912 2978 2003 {ine
3030 1912 3224 2000 causa

1104 2011 1554 2087 robora-verim
1609 2019 1678 2083 in
1715 2009 1929 2088 vobis.
1985 2011 2124 2096 Eos
2165 2017 2358 2093 enim
2402 2018 2697 2118 culpat,
2754 2019 2879 2117 qui
2927 2015 3221 2095 dicunt:

1110 2115 1293 2197 Non
1338 2112 1737 2210 proficiscar
1784 2113 2006 2191 hodie
2043 2170 2064 2200 ,
2129 2120 2296 2210 quia
2344 2118 2664 2214 posterus
2707 2115 2856 2193 dies
2906 2116 3006 2192 est
3039 2170 3064 2201 .
3100 2130 3226 2194 aut

1110 2218 1283 2316 quia
1322 2216 1488 2293 luna
1536 2211 1631 2290 fic
1677 2212 1900 2290 fertur
1937 2235 1960 2307 3
2011 2215 2119 2291 vel
2171 2215 2720 2310 proficiscar,ut
2739 2214 3066 2314 prospera
3101 2237 3220 2291 oe-

1114 2316 1530 2411 dant,quia
1575 2315 1668 2390 ita
1719 2312 1785 2389 se
1830 2312 2044 2391 habet
2096 2314 2361 2412 politio
2403 2316 2726 2396 fiderum.
2789 2314 2970 2394 Non
3012 2336 3226 2412 agam

1112 2413 1266 2495 hoc
1312 2415 1550 2491 mense
1614 2418 2136 2493 commercium
2180 2470 2203 2503 ,
2268 2418 2432 2516 quia
2480 2417 2590 2495 illa
2626 2417 2811 2495 stella
2855 2414 3028 2492 mibi
3073 2417 3230 2511 agit

1106 2513 1458 2595 mensem.
1505 2511 1679 2589 Non
1723 2513 2042 2609 piantem
2086 2514 2234 2598 hoc
2284 2539 2479 2593 anno
2518 2521 2795 2595 vineam
2834 2518 3041 2613 ‚quia
3092 2513 3230 2590 bis·

1118 2613 1357 2696 sextus
1402 2612 1526 2691 est·
1593 2610 1771 2691 Non
1817 2631 2058 2692 autem
2122 2615 2491 2713 quisquam
2546 2616 2811 2714 sapiens
2848 2620 3231 2694 arbitretur

1121 2715 1607 2794 observatores
1628 2729 2046 2806 temporum
2068 2715 2694 2815 reprehendendos
2719 2772 2742 2806 ,
2774 2720 2897 2814 qui
2925 2718 3227 2806 dicunt;

1126 2840 1282 2895 non
1341 2812 1741 2914 proficiscar
1784 2813 2005 2895 hodie
2058 2859 2079 2891 ,
2122 2817 2286 2915 quia
2340 2821 2712 2916 tempestas
2760 2831 3015 2894 exorta
3064 2814 3230 2907 est3

1128 2932 1299 2995 aut=
1337 2939 1486 2991 non
1525 2917 1852 3010 navigem
1879 2967 1902 3000 2
1970 2918 2135 3013 quia
2179 2915 2417 2997 adhuc
2459 2925 2619 2998 sunt
2653 2920 3228 3019 hybernae3aut.

1130 3032 1416 3113 tempus
1462 3013 1844 3090 seminandi
1882 3015 1982 3093 est
2031 3070 2056 3102 ‚
2109 3020 2274 3114 quia
2315 3020 2657 3098 imbribus
2711 3017 3236 3096 autumnalibus

1136 3131 1319 3194 terra
1360 3115 1589 3192 satiata
1626 3114 1725 3190 est
1769 3139 1793 3206 ;
1851 3115 1962 3190 vel
2017 3113 2068 3191 fi
2103 3119 2228 3214 qui
2259 3116 2451 3196 forte
2489 3123 2601 3197 alii
2656 3119 3003 3196 naturales
3061 3113 3238 3190 effe·

1131 3218 1286 3295 (lus
1326 3219 1507 3292 circa
1572 3226 1856 3310 motum
1906 3217 2081 3293 aeria
2131 3271 2148 3293 .
2210 3216 2288 3295 ae
2335 3216 2675 3297 humores
2716 3218 2806 3293 ad
2867 3216 3236 3292 variandas

1134 3335 1550 3410 tenturum
1654 3314 1967 3391 ualitates
2027 3317 2095 3395 iu
2147 3315 2451 3395 siderum
2507 3314 3007 3395 ordinatiffima
3051 3339 3239 3391 cun-
