3792 5375
1846 387 1871 462 i
2373 401 2384 430 .-

1121 545 1303 657 ‘492‘
1522 539 2102 657 Theoli'Doga
2135 539 2218 633 Bt
2243 535 2544 633 Moral.
2591 533 2780 638 Lib.
2810 539 2963 640 IV.

1121 712 1550 801 extendere,
1591 722 1745 791 non
1792 712 1927 791 erit
1991 703 2225 791 illicita
2273 715 2637 790 divinatio·
2710 712 2780 790 Si
2819 729 3058 792 autem
3101 712 3246 794 hue

1126 816 1434 912 jusmodi
1461 816 1805 891 divinatio
1832 815 2151 890 causetur
2174 835 2266 889 ex
2296 813 2729 890 revelatione
2761 814 3176 894 daemonum
3201 861 3227 905 s

1126 937 1297 994 cum
1334 918 1591 1009 quibus
1626 914 1818 1011 pasta
1842 915 2194 990 habentur
2219 910 2531 1009 expressa
2565 968 2586 999 ,
2623 916 2784 1011 quia
2825 917 2911 1013 ad
2954 914 3101 991 hoc
3132 919 3237 991 in·

1126 1033 1482 1092 vocantur
1523 1071 1544 1101 ‚
1573 1016 1683 1090 vel
1730 1019 1981 1101 tacita,·
2039 1018 2200 1111 quia
2258 1013 2664 1105 hujusmodi
2706 1014 3051 1089 divinatio
3114 1039 3264 1092 ex..

1121 1116 1481 1197 tenditur,
1515 1117 1600 1190 ad
1632 1115 1832 1212 quod
1878 1114 1944 1187 le
1979 1137 2127 1187 non
2173 1113 2407 1207 potest
2455 1115 2886 1201 extendere,
2927 1118 3061 1191 erit
3126 1118 3238 1192 di-

1122 1217 1388 1292 vinatio
1420 1215 1656 1290 illicita
1681 1267 1701 1296 ,
1739 1214 1810 1286 &
1864 1210 2320 1307 superstitiosa
2362 1267 2405 1303 „
2436 1235 2508 1302 „.·
3203 1235 3210 1240 ·

796 1336 1069 1404 Somnio.
1220 1313 1301 1391 ld
1332 1330 1411 1391 ut
1443 1311 2095 1410 pleneintelligatur
2127 1365 2138 1381 .
2170 1310 2689 1389 observandum
2722 1312 2821 1388 est
2846 1367 2863 1395 .
2913 1311 3234 1391 somnio·

730 1418 1081 1498 ‚meaura
1115 1435 1275 1490 rum
1316 1413 1589 1491 causam
1634 1411 1993 1508 duplicem
2035 1408 2216 1496 effe,
2270 1413 2620 1487 internam
2653 1461 2674 1494 ,
2720 1415 2793 1487 &
2828 1433 3230 1495 externam.

1110 1510 1394 1591 Interna
1421 1512 1688 1609 duplex
1720 1511 1817 1586 est
1844 1532 1866 1593 ὅ
1892 1533 2029 1588 una
2073 1510 2426 1596 animalis.
2459 1532 2628 1586 cum
2660 1512 2971 1588 hominis
2998 1514 3230 1603 phane

1105 1612 1291 1689 taliae
1346 1636 1427 1689 ea
1477 1617 1548 1689 in
1595 1610 1878 1686 somniis
1914 1627 2300 1687 occurrant
2357 1659 2378 1693 ‚
2431 1614 2617 1686 circa
2669 1635 2828 1707 quae
2867 1614 3227 1708 vigilantis

1104 1716 1458 1808 cogitatio
1502 1713 1576 1786 &
1617 1710 1894 1787 affectio
1950 1709 2195 1785 versari
2243 1711 2784 1787 consueverunt.
2846 1712 3033 1788 Nam
3099 1716 3229 1810 qui

1102 1829 1697 1894 amant,amores
1745 1811 1906 1887 suos
1943 1810 2349 1897 somniant;
2400 1814 2521 1906 qui
2575 1816 2873 1896 timent,
2925 1815 3226 1890 turbidis

1106 1910 1710 2009 phantasmatibus
1774 1915 2156 2007 agitantur.
2209 1911 2326 1989 Sic
2379 1915 2734 1985 venatoris
2800 1911 3069 1986 somnia
3125 1913 3220 1989 de

1103 2015 1416 2107 campie,
1458 2014 1749 2089 canibus
1775 2065 1794 2095 ,
1827 2016 1895 2084 δι
1925 2010 2082 2085 feris
2113 2009 2309 2100 sunt;
2337 2009 2693 2105 piscatoris
2718 2059 2739 2093 ,
2778 2012 2869 2085 de
2907 2015 3178 2088 retibus
3205 2058 3227 2093 ‚

1104 2109 1516 2190 fluminibus
1550 2165 1573 2198 ,
1599 2113 1670 2185 δι
1701 2108 1997 2204 piscibus
2028 2130 2051 2197 ;
2091 2110 2327 2185 militis
2355 2156 2377 2190 ,
2413 2109 2503 2184 de
2546 2114 2757 2186 armis
2785 2158 2807 2193 ‚
2855 2111 3166 2187 caedibue
3193 2163 3217 2190 .

1107 2213 1189 2288 a&
1226 2210 1580 2307 sanguine.
1641 2211 1873 2284 Altera
1924 2208 2312 2301 corporalis
2355 2208 2613 2284 dicitur
2647 2264 2669 2294 ,
2728 2231 2899 2287 cum
2955 2233 3046 2287 ex
3107 2216 3217 2286 in-

1109 2324 1308 2387 terna
1341 2311 1666 2404 corporis
1710 2306 2165 2402 dispositione
2191 2307 2436 2405 aliquis
2475 2325 2717 2404 motus
2769 2310 2895 2406 ipsi
2941 2333 3218 2387 eonve-

1110 2411 1311 2484 niens
1353 2412 1435 2485 in
1480 2406 1833 2503 phantasia
1868 2404 2207 2492 efficitur,
2246 2431 2386 2505 qua
2426 2411 2699 2484 ratione
2745 2410 2839 2485 illi
2869 2459 2891 2493 ‚
2937 2414 3008 2488 in
3052 2412 3218 2506 qui·

1107 2510 1243 2585 bus
1270 2507 1685 2601 sanguineus
1737 2507 2002 2584 humor
2029 2506 2441 2584 dominatur
2471 2561 2482 2582 .
2508 2510 2764 2586 hortos
2784 2559 2806 2594 ,
2830 2514 3161 2587 convivia
3184 2557 3214 2595 ‚

1106 2625 1359 2685 cantus
1383 2607 1737 2684 somniant
1769 2631 1792 2701 ς
1816 2607 2269 2704 phlegmatici
2295 2609 2552 2684 imbres
2577 2663 2597 2694 ,
2624 2610 2811 2686 lacus
2841 2659 2856 2678 ,
2885 2609 3140 2688 fluvios
3172 2665 3193 2699 ‚

1108 2710 1599 2807 navigationes
1640 2763 1657 2791 ,
1689 2705 2238 2797 submersionem
2276 2706 2499 2784 billoii
2524 2711 2744 2796 rixas,
2778 2718 3164 2789 certamina
3185 2759 3209 2795 ‚

1107 2807 1481 2898 incendia3
1519 2808 2012 2884 melancholici
2058 2811 2422 2902 tenebras,
2469 2807 2727 2904 spectra
2795 2811 3046 2887 'funera
3083 2854 3104 2889 ι
3137 2812 3221 2887 St

1104 2906 1468 2985 horribilia
1516 2907 1690 2984 visu·
1744 2916 1979 3002 Atque
2006 2906 2151 2984 huc
2176 2912 2576 3006 pertinent,
2602 2933 2761 3008 quae
2799 2913 2890 2985 de
2946 2912 3216 2987 insom-

1106 3010 1282 3091 niis,
1341 3029 1744 3104 eorumque
1793 3006 2179 3104 praesagiis,
2231 3013 2669 3101 Hzppocrates
2723 3065 2743 3096 ,
2796 3013 2867 3085 ἃ
2920 3013 3211 3082 Galenus

1108 3107 1551 3205 scripserunt.
1577 3106 1877 3184 Externa
1917 3130 2214 3204 quoque
2243 3106 2688 3185 somniorum
2720 3111 2915 3187 causa
2941 3110 3215 3206 duplex

1110 3208 1255 3292 cst,
1291 3207 1724 3306 corporalia,
1754 3208 1826 3283 δι
1862 3205 2250 3302 spiritualis·
2297 3208 2710 3303 Corporalis
2754 3234 2984 3287 aerem
3030 3237 3216 3288 con-

1116 3309 1460 3381 timentem
1504 3357 1520 3389 2.
1564 3306 1668 3381 vel
1724 3303 2246 3401 impreffiunem
2321 3309 2705 3381 coelestium
2757 3333 3145 3405 corporum
3185 3328 3213 3401 ς
