3792 5375
464 511 535 608 De
559 512 696 628 ptimo
718 510 922 628 Decalogi
943 531 1166 639 precepto·
1220 541 1222 550 ·
1288 537 1369 636 339

307 684 367 772 sed
382 681 572 766 vindidiam
588 732 596 760 ‚
610 700 784 787 quatenus
802 693 961 786 proximi
982 692 1116 772 malum
1131 690 1201 778 est,
1221 698 1373 786 optare.

310 801 370 869 net
397 791 441 864 de
464 788 520 860 illa
546 784 733 895 delectari,
757 789 918 867 charitati
944 790 1172 877 advertatur,
1191 811 1298 884 quam
1326 783 1372 864 ad

310 895 477 970 inimicos
510 890 521 958 i
549 891 604 961 los
629 891 824 964 extendere
848 892 1028 969 debemus.
1067 891 1173 972 Hanc
1194 886 1373 983 Regulam

308 991 419 1074 tradit
446 991 481 1066 S.
501 908 666 1071 'letitiam
688 1006 724 1062 2·
737 1006 771 1064 2.
795 1003 954 1087 qu.108·
976 1009 1091 1078 art01,
1113 1052 1135 1086 ‚‚
1151 1048 1173 1084 „
1200 989 1374 1070 Vindica-

316 1109 371 1172 uo
391 1087 560 1179 (inquit)
590 1086 630 1160 tit
646 1109 707 1188 pet
727 1090 873 1188 aliquod
889 1091 1032 1190 poenale
1051 1095 1183 1170 malum
1200 1087 1372 1167 inllidlum

315 1191 490 1288 peccanti.
520 1184 578 1264 tit
596 1208 685 1283 ergo
699 1191 735 1265 in
755 1191 992 1268 vindicatione
1005 1193 1279 1271 considerandus
1294 1191 1375 1262 vin-

316 1297 467 1367 dicantis
488 1310 637 1362 animus·
663 1286 699 1364 Si
720 1297 818 1367 enini
840 1293 915 1386 ejus
945 1294 1097 1372 intentio
1122 1294 1252 1369 letatur
1277 1291 1375 1386 prin·

315 1393 474 1484 cipaliter
501 1389 538 1461 in
555 1389 689 1464 malum
712 1391 831 1470 illius,
852 1395 898 1468 de
922 1417 999 1493 quo
1030 1394 1218 1474 vindidlam
1239 1391 1373 1474 lumit,
1439 1453 1442 1458 .

317 1494 356 1568 δι
381 1495 429 1563 rui
451 1486 622 1582 quiescat,
644 1489 694 1561 eit
717 1496 869 1568 omnino
894 1493 1081 1584 illicitum;
1105 1498 1187 1592 quia
1210 1487 1372 1566 deledlatl

318 1599 358 1668 in
383 1591 478 1665 niaio
497 1589 637 1665 alterius
667 1597 819 1683 pertinet
844 1592 887 1667 ad
912 1593 1063 1674 odium,
1085 1592 1185 1692 quod
1212 1589 1372 1669 charitati

321 1703 520 1789 repugnat.
541 1711 611 1788 qua
624 1710 750 1765 omnes
760 1692 923 1774 hominen
934 1695 1103 1772 debemus
1115 1696 1271 1789 diligere·
1293 1687 1375 1768 Nec

320 1793 448 1888 aliquis
473 1787 678 1874 excutitur,
693 1790 717 1864 ri
736 1792 869 1869 malum
892 1796 1052 1873 intendat
1066 1794 1138 1879 illi,
1162 1794 1223 1889 qui
1246 1789 1305 1865 sibi
1319 1792 1375 1862 ln·

321 1895 412 1990 jutte
432 1888 551 1970 intulit
573 1891 730 1983 malunt,
758 1892 847 1970 licut
865 1917 941 1969 non
964 1893 1149 1972 excolatur
1168 1892 1290 1982 aliquis
1313 1909 1377 1981 pet

322 2001 420 2071 boc,
439 1991 541 2089 quud
568 1990 646 2066 odit
680 1991 711 2063 le
737 1996 932 2068 odientem·
958 1993 1047 2073 Non
1069 1997 1164 2069 enim
1190 1991 1295 2068 debet
1310 1987 1378 2064 ho·

323 2117 390 2170 mo
416 2097 453 2164 in
481 2088 589 2168 aliurn
616 2112 761 2184 peccate
785 2113 931 2190 propter
954 2097 1055 2171 hoc,
1078 2093 1178 2191 quod
1198 2091 1255 2167 ille
1282 2089 1380 2183 print

326 2193 489 2288 peccavit
510 2192 546 2262 in
567 2189 703 2285 iplun13
723 2195 795 2271 hoc
811 2197 906 2269 enim
926 2198 976 2272 est
994 2192 1091 2267 Vinci
1114 2219 1133 2262 a
1157 2195 1239 2261 malo
1254 2240 1263 2268 ‚
1279 2184 1383 2287 quod

329 2292 523 2395 npottotus
536 2293 702 2390 probibet
713 2295 757 2373 ad
770 2295 954 2372 Romanos
971 2312 1027 2375 12.
1048 2293 1189 2371 dicens:
1204 2289 1289 2362 Noli
1305 2291 1388 2386 vin..
1448 2335 1450 2340 .

326 2419 357 2466 cr
384 2417 404 2460 a
425 2394 600 2476 mulu,1id
625 2414 720 2462 vince
734 2400 769 2465 in
788 2397 869 2463 bono
893 2400 1028 2476 malum,
1056 2394 1201 2470 sivero
1230 2392 1383 2465 intentio

327 2496 541 2573 vindicantis
567 2490 698 2570 letatur
719 2493 960 2596 principaliter
980 2494 1025 2572 ad
1048 2492 1194 2591 aliquod
1218 2494 1388 2569 bonum,

328 2599 374 2673 ad
396 2595 497 2691 quud
521 2597 721 2688 pervenitur
745 2619 806 2692 per
828 2618 977 2692 poenam
992 2596 1192 2694 peccantis,
1217 2606 1325 2688 puta,
1342 2585 1388 2661 ad
1468 2630 1470 2636 ·

258 2758 264 2769 .
331 2699 620 2772 emendationem
637 2699 836 2785 peccantis,
852 2699 904 2773 vel
924 2700 1041 2774 l'altem
1056 2693 1101 2770 ad
1124 2692 1387 2769 cohibitionem

332 2799 426 2890 ejus,
446 2799 483 2867 dr
503 2814 658 2891 quietem
681 2797 853 2882 aliorum,
876 2800 912 2873 &
933 2797 976 2874 ad
999 2796 1135 2892 justitiae
1150 2790 1390 2867 conservatio·

330 2920 438 2979 nem,
460 2896 497 2969 dc
520 2900 564 2967 ad
590 2890 662 2971 Dei
684 2897 885 2989 honorem,
906 2899 1023 2990 potest
1042 2891 1109 2970 elle
1127 2891 1318 2967 vindicatio
1348 2884 1395 2960 li-

332 3006 423 3082 cita,
451 2996 523 3069 altis
541 2995 667 3070 debitis
698 2997 965 3073 circumstantiis
990 2995 1129 3071 servatis
1160 3049 1181 3082 „
1201 3015 1245 3081 „;
1270 2984 1392 3063 videli-

333 3113 413 3181 eet,
435 3100 636 3188 negravior
663 3121 771 3196 poena
797 3101 980 3193 exigatur,
1001 3118 1110 3195 quam
1134 3108 1303 3191 peccator
1317 3108 1394 3160 nte·
1510 3092 1516 3105 “

334 3213 466 3274 ruerit,
483 3217 549 3269 nec
565 3199 698 3291 privata
719 3197 925 3273 auctoritate
937 3194 1127 3290 inllrgatur.
1156 3190 1284 3286 Neque
1296 3188 1394 3262 enim

338 3297 494 3397 politlro
524 3302 718 3382 duntaxat,
736 3298 792 3372 led
819 3298 968 3373 naturali
985 3300 1058 3388 iure
1084 3292 1305 3389 prohibitum
1318 3285 1392 3370 eli,

337 3424 385 3474 ne
409 3401 486 3501 quis
512 3398 645 3488 privata
679 3399 885 3477 autloritate
909 3400 1049 3493 injurias
1081 3392 1153 3470 suas
1186 3385 1391 3470 ulciscatur,

337 3504 512 3595 quoniam
536 3500 597 3592 qui
629 3496 702 3572 hoc
730 3499 839 3584 lacit,
868 3494 1009 3592 usurpat
1034 3493 1101 3570 nei
1120 3491 1391 3569 auctoritatem.

340 3612 511 3673 dicentis:
541 3596 629 3667 illini
655 3598 834 3683 vinditio,
861 3602 903 3670 d*
934 3620 990 3689 ego
1020 3588 1226 3663 retribuam:
1253 3587 1316 3663 Per
1337 3608 1396 3660 nie

340 3701 492 3782 scilicet,
511 3716 571 3773 aul
597 3720 659 3795 per
683 3699 859 3777 ministros
885 3753 895 3783 ,
916 3700 978 3794 qui
1003 3697 1086 3767 Non
1110 3691 1177 3780 fine
1202 3686 1295 3773 causa
1321 3686 1393 3781 gia·
1413 3655 1598 3796 g‘ffiss

342 3811 433 3871 dium
452 3817 610 3891 portant,
629 3804 828 3868 vindicetur
854 3804 937 3869 iram
961 3822 1008 3868 eis
1027 3839 1037 3874 ‚
1057 3803 1113 3890 qui
1135 3792 1216 3864 male
1233 3808 1340 3881 agunt.
1414 3811 1442 3867 p
1465 3826 1510 3885 η,

397 3898 498 3981 Licet
514 3903 696 3979 tamenin,
713 3904 833 3993 quiex
854 3904 974 3974 animo
994 3900 1106 3994 pntcit
1127 3893 1292 3967 inimico.
1317 3881 1394 3978 pol-

345 4000 387 4081 stt
410 4005 452 4074 ab
469 4022 513 4072 eo
528 4001 786 4077 rellitutronem
803 4002 950 4073 honoris
964 4055 972 4082 ,
988 4000 1109 4080 tante,
1135 4012 1195 4067 aut
1216 3995 1398 4062 bonorum

346 4123 579 4185 externorum
600 4123 765 4195 exigeres
787 4101 986 4174 cavendum
1010 4115 1128 4169 tamen
1148 4091 1199 4165 est
1219 4137 1228 4166 ‚
1251 4104 1400 4158 netum

347 4206 461 4281 nimio
485 4202 546 4278 luo
566 4203 698 4275 damno
722 4219 910 4296 urgeatur,
935 4198 990 4271 vol
1013 4197 1089 4269 talis
1111 4190 1283 4262 rellitutio
1306 4178 1404 4275 apud

347 4308 503 4400 judicent
524 4305 745 4400 postuletur,
769 4322 853 4374 cunt
878 4300 1039 4371 inimicus
1059 4292 1197 4366 veniunt
1219 4283 1400 4380 postulat.

349 4414 387 4482 dt
408 4429 606 4504 congruunt
628 4406 810 4477 bonorum
834 4452 844 4480 ,
868 4420 908 4471 ac
927 4395 1144 4500 prudentum
1172 4391 1331 4499 virorum
1344 4400 1406 4497 flat·-
1439 4468 1441 4473 ι

355 4509 462 4589 bitrio
489 4505 754 4589 tatistatiionent
778 4494 885 4678 ulline
908 4518 918 4572 3
944 4497 1025 4598 quia
1046 4488 1187 4570 difficile
1210 4488 1259 4565 eli
1286 4509 1324 4599 in¹
1342 4480 1408 4558 nur

855 4618 908 4692 ‘3
1152 4604 1154 4609 '
1294 4606 1360 4663 clr-
