3792 5375
482 563 567 677 rar·
649 554 806 654 arten
830 497 945 675 nug.
970 561 1013 654 a
1035 553 1188 653 anm,
1216 554 1312 659 un.
1325 557 1431 656 ru·

499 733 632 811 servare
654 731 927 815 contendimus,
947 755 1057 830 quam
1075 745 1117 808 ut
1131 730 1253 827 aliquis
1276 747 1426 829 excepta
1449 734 1557 833 gravi

495 831 701 911 infirmitate
734 838 770 908 in
794 835 915 929 aliquo
940 832 1141 929 infringat,
1172 829 1313 908 lufferre
1344 841 1556 930 nequimuea

495 922 579 1011 Nec
608 934 690 1009 licet
712 937 878 1028 cuiquam
898 934 993 1032 apud
1018 955 1111 1016 nos,
1136 930 1224 1009 ficut
1244 935 1340 1027 apud
1363 958 1449 1021 vos,
1469 938 1554 1031 post

497 1052 606 1112 unam
632 1035 856 1110 reseclionem
872 1057 881 1114 ,·
896 1039 1092 1132 quidquam
1109 1047 1324 1129 pomorum,
1339 1052 1399 1111 aut
1425 1033 1557 1112 herba·

497 1153 578 1234 tum
594 1190 603 1221 ,
618 1136 741 1211 diebu·
761 1137 978 1229 jejuniorum
1001 1137 1180 1228 percipere
1199 1188 1221 1224 „
1234 1178 1266 1226 „·
1287 1133 1370 1227 Qua
1394 1136 1441 1210 de
1461 1159 1555 1212 con·

497 1233 681 1312 suetudine
711 1232 899 1326 'sinuaretur
930 1233 1100 1322 ratramne
1129 1231 1326 1311 Patriarcha
1356 1233 1554 1311 Antioche*

502 1357 570 1410 nus
592 1338 629 1408 in
657 1334 827 1433 responsis
840 1334 884 1410 ad
907 1331 1213 1429 interrogationes
1230 1333 1553 1428 canonicasMarci
1592 1329 1597 1368 ¹

369 1509 371 1515 .
498 1433 708 1512 Patriorchae
732 1434 992 1521 Alexandrini,
1022 1457 1102 1530 cap.
1135 1454 1191 1526 54.
1217 1438 1285 1511 ait:
1312 1486 1369 1527 ,‚„
1390 1431 1552 1534 Propriae

498 1538 729 1611 continentie
760 1536 933 1631 jejunium
958 1535 1031 1613 eil,
1060 1537 1141 1633 quia
1161 1536 1199 1609 dt
1218 1531 1443 1623 affeclicida,
1470 1552 1554 1616 noo

337 1701 346 1713 .
497 1633 678 1710 homicida
717 1653 877 1710 vocatur·
914 1634 951 1710 Si
982 1656 1071 1730 ergo
1092 1651 1105 1712 ;
1129 1637 1208 1730 qui·
1227 1637 1454 1712 continenter
1495 1640 1551 1715 vi·

390 1773 392 1778 ·
499 1749 609 1819 lunt,
627 1739 671 1808 ad
689 1739 852 1831 corporis
884 1731 1170 1812 sustentationem
1199 1732 1401 1810 secundaria
1429 1735 1550 1817 mensa

497 1834 703 1929 indigeant.
726 1835 970 1931 praejudicium
989 1857 1065 1909 non
1090 1813 1279 1930 patientur·
1311 1829 1476 1912 Omnino
1496 1853 1551 1914 ta·

496 1945 581 2011 men
598 1957 664 2010 nec
680 1937 742 2031 ipli
756 1940 1002 2012 continuatam
1014 1951 1090 2011 tota
1120 1935 1177 2009 die
1202 1941 1467 2028 temperantiam
1483 1958 1549 2033 per

496 2032 731 2131 vespertinam
757 2037 1066 2133 intemperantiam
1094 2035 1359 2118 delormabunt.
1385 2033 1427 2112 ld
1449 2040 1550 2116 enim

495 2131 707 2221 iiiecerint,
731 2133 996 2214 coercebuntur
1021 2189 1043 2228 ,‚
1057 2159 1093 2226 ,tr

499 2253 502 2262 ·
550 2232 590 2309 ln
620 2234 768 2312 serotina
788 2236 1003 2320 collatione,
1032 2249 1195 2329 tempore
1210 2231 1358 2331 jejunii,
1386 2232 1552 2324 dochum·

498 2333 556 2412 Vel
578 2337 690 2410 tribus
710 2339 844 2413 vicibua
870 2338 990 2411 bibere
1008 2338 1182 2434 permittit
1195 2347 1226 2405 d.
1240 2340 1545 2420 Beneventanus,

485 2436 558 2532 ·qui
580 2435 810 2530 indiguerint.
836 2435 895 2512 Sic
908 2438 1005 2511 enim
1022 2435 1138 2510 scribit
1160 2433 1362 2532 inSpeculo
1393 2435 1544 2533 discipli·

496 2553 552 2609 nar
568 2534 612 2608 ad
630 2533 818 2617 Nuntios,
837 2557 872 2629 p·
887 2552 916 2610 1.
933 2549 1086 2629 cap021.
1101 2585 1123 2627 „
1137 2535 1191 2611 Ad
1205 2533 1436 2613 collationem
1450 2551 1544 2614 mm·

493 2681 516 2728 ,3
535 2654 624 2731 pore
650 2636 771 2731 Jejunii
797 2634 1016 2723 taciendam,
1054 2637 1190 2713 duabus
1215 2650 1374 2723 tantum.
1404 2637 1460 2713 vel
1483 2638 1544 2714 tri·

491 2776 515 2829 9
536 2740 625 2820 bus,
654 2736 677 2810 li
695 2737 853 2835 indiget,
880 2738 998 2813 bibere
1021 2738 1179 2819 vicibus,
1197 2741 1436 2835 temperantia
1448 2760 1556 2815 cou··

493 2889 516 2932 „
538 2837 655 2931 gruit,
671 2835 705 2910 dr
719 2837 893 2914 honestati
915 2892 950 2928 ,,.
980 2826 1040 2915 De
1065 2838 1307 2932 regularibus,
1325 2839 1459 2915 nonde
1485 2862 1545 2916 eo·

494 2935 686 3012 clestailicis
711 2939 849 3032 jejuniis
875 2937 978 3032 loqui
996 2938 1214 3033 seraphicum
1234 2935 1432 3014 Doclorem
1456 2961 1546 3038 pron

492 3035 609 3110 babile
631 3035 690 3110 est·
716 3037 796 3114 Cibi
820 3060 904 3113 cum
928 3051 1019 3133 poto
1042 3038 1170 3135 sumpti
1189 3044 1450 3114 nonmeminic
1466 3039 1544 3115 ble-

494 3137 623 3211 dluaria
652 3150 791 3213 tamen,
807 3135 876 3212 sive
900 3136 1038 3213 bellaria
1056 3136 1239 3233 quaedam,
1257 3140 1422 3217 ciborum
1440 3140 1544 3235 dige-

493 3236 645 3312 llionem
669 3239 823 3333 juvantia
843 3242 964 3331 potius
992 3286 1002 3320 ‚
1029 3259 1137 3333 quam
1162 3237 1308 3322 aientia.
1321 3240 1558 3334 jejuniorum·

492 3338 622 3411 diebus'
641 3339 721 3432 poll
741 3337 937 3414 resellionis
962 3340 1074 3415 unicae
1093 3353 1234 3434 tempus
1259 3336 1346 3416 sumi
1375 3336 1472 3435 posse
1496 3343 1538 3414 il·

492 3435 566 3515 laesa
582 3437 704 3530 jejunii
728 3438 966 3524 observantia,
996 3441 1111 3515 modo
1136 3439 1261 3515 necin
1285 3459 1538 3535 magnaquan-

491 3542 622 3621 ritate,
648 3562 714 3614 nec
736 3540 772 3613 in
794 3539 951 3616 fraudem
972 3540 1093 3632 jejunii
1120 3540 1320 3625 sumantur,
1347 3538 1470 3614 audior
1488 3538 1540 3616 cst

485 3641 520 3716 S.
538 3635 679 3705 Thomas
696 3694 706 3724 ‚
721 3657 758 3720 2.
771 3659 806 3721 2.
825 3662 886 3733 qu·
916 3650 1123 3731 147.art.6.
1153 3641 1196 3713 ad
1218 3659 1250 3726 3.
1276 3693 1322 3731 „„
1347 3634 1538 3716 Elecluaria

486 3732 794 3832 (inquitleriamii
811 3742 932 3837 aliquo
962 3742 1075 3814 murlo
1100 3742 1290 3826 nutriant,
1317 3763 1394 3816 non
1416 3756 1539 3815 tamen

490 3838 731 3934 principaliter
743 3835 963 3914 assumuntur
975 3840 1018 3914 ad
1041 3843 1300 3915 nutrimentum
1317 3885 1326 3916 ‚
1344 3837 1400 3913 sed
1421 3837 1464 3913 ad
1483 3841 1539 3913 di·

489 3938 687 4031 gestionem
725 3938 900 4013 ciborum·
932 3939 1038 4016 Unde
1063 3962 1138 4015 non
1168 3938 1309 4016 solvunt
1334 3940 1538 4033 Jetuuium.

487 4034 576 4112 ficut
595 4061 661 4113 nec
679 4037 822 4112 aliatum
848 4039 1103 4115 medicinarum
1126 4039 1335 4133 assumptio,
1360 4035 1422 4113 nisi
1439 4037 1535 4115 forre

485 4135 610 4231 aliquis
638 4141 675 4211 in
695 4136 853 4214 sraudem
877 4138 1058 4219 electuaria
1076 4144 1252 4236 lomagna
1277 4141 1473 4236 quantitate
1485 4144 1538 4213 al·

485 4236 598 4313 sumat
619 4260 681 4332 per
703 4240 854 4315 modum
878 4242 950 4316 cibi
965 4296 1031 4333 „„.
1063 4243 1140 4319 Hac
1154 4248 1189 4316 in
1212 4262 1247 4315 re
1270 4240 1431 4314 standum
1442 4262 1535 4315 con·

484 4335 683 4421 suetudini‚
700 4340 902 4414 venerabilis
920 4344 1094 4425 Gratantur
1121 4347 1155 4415 in
1169 4337 1314 4435 Regulis
1339 4340 1533 4416 moralibus

483 4437 630 4515 censet:
650 4493 671 4530 ‚,
700 4435 759 4513 De
779 4442 1058 4518 comestionibus
1084 4442 1274 4537 specierum
1306 4439 1469 4533 (inquit)
1493 4448 1532 4515 ὃς

486 4535 725 4627 „Bmilibut.
749 4538 972 4624 consuetudo
1000 4556 1159 4633 tentatur
1181 4579 1195 4627 2
1221 4543 1259 4617 ἃ
1291 4539 1534 4621 ᾱιΙσὲἰαῐίοηίο

491 4686 516 4726 ,.
529 4637 636 4718 nimia
654 4635 766 4716 libido
794 4641 923 4720 vitetur
940 4693 980 4743 ρ,
1396 4639 1479 4721 Cibi
