3792 5375
541 577 625 664 594
720 543 881 644 Theoi
901 547 1020 660 Dog.
1045 547 1088 636 bc
1103 479 1257 640 morat.
1279 547 1375 642 Lib.
1388 547 1469 648 lV.

591 724 645 802 Ex
671 719 780 822 paulo
811 721 891 817 post
909 719 1099 805 observat,
1121 717 1337 811 Proobetam
1367 721 1590 820 conjunxiss'e

542 825 659 902 virum
685 821 851 900 dolosum
868 844 953 897 curn
965 819 1143 896 homicida
1157 870 1168 902 ,
1182 819 1302 898 Pirdm.
1323 845 1355 912 5.·
1379 821 1500 896 Vinum
1522 825 1593 910 ian.

539 949 699 1022 gerinum,
715 933 756 994 (5
772 919 912 1004 doioiinm
923 916 1165 990 abominabitur
1177 926 1376 1014 Dominio„
1388 980 1411 1015 „
1423 921 1596 1004 Pettime·

544 1026 639 1104 icere
657 1027 764 1120 igitur
781 1023 913 1096 debent
935 1021 1121 1114 jurantes(
1140 1027 1248 1115 inquit
1261 1023 1274 1113 ]
1288 1027 1362 1098 imo
1375 1026 1596 1122 perjurantes

545 1123 663 1202 dolori
691 1129 727 1199 in
751 1127 899 1197 nomine
923 1121 1072 1199 christi,
1097 1122 1132 1194 dr
1158 1121 1368 1199 Studiorum
1389 1126 1488 1215 eius,
1514 1128 1597 1224 quir

399 1235 405 1256 ³
547 1226 850 1304 rbominabuntur
865 1247 883 1296 a
896 1218 1062 1298 Domino
1077 1237 1139 1303 ,ut
1150 1224 1213 1296 viri
1232 1223 1461 1320 sanguinum,
1476 1227 1511 1302 id
1527 1226 1596 1310 tsi.

548 1327 612 1424 qui
637 1324 797 1400 humano
817 1344 944 1398 cruore
966 1319 1176 1412 polluuntur
1196 1344 1207 1412 ;
1230 1326 1403 1418 quoniam
1428 1322 1519 1404 ficut
1547 1325 1597 1402 ilii

547 1427 746 1504 occidunt,
767 1425 812 1498 ita
840 1423 874 1494 dr
900 1421 951 1496 isti
973 1423 1159 1512 decipiunt
1185 1426 1340 1497 virentes
1360 1479 1381 1516 ‚‚
1395 1470 1431 1514 ‚,.

599 1523 803 1602 Concilium
830 1517 1080 1612 Trosiejnnum
1098 1544 1195 1595 anno
1212 1517 1342 1610 ,christi
1369 1519 1601 1620 nongenteii-

545 1641 612 1722 mo
637 1646 739 1701 nono
769 1669 780 1706 ‚
807 1617 957 1699 Canone
1002 1635 1055 1690 11.
1091 1621 1300 1697 mentalium
1335 1623 1598 1700 restritiionuur

544 1723 647 1802 usum
671 1726 707 1797 in
725 1722 930 1818 iuramentis
946 1720 1112 1795 damnat:
1135 1774 1189 1812 ‚‚„
1216 1719 1316 1816 Quid
1329 1725 1599 1815 retoiinqnir)

543 1826 590 1900 de
603 1827 656 1899 bis
670 1821 1041 1916 dicendumest,qui‚
1067 1839 1108 1896 ut
1127 1820 1214 1896 aiios
1239 1821 1389 1908 iaiiant,
1415 1825 1599 1900 mentiun-

544 1940 601 2002 tur
616 1979 626 2008 ,
641 1922 696 2000 vel
719 1920 935 2020 quacunque
952 1923 1144 1997 verborum
1168 1937 1242 1997 arte
1260 1922 1293 1997 ie
1315 1925 1461 2017 potior,
1484 1943 1600 2021 quam

542 2025 652 2100 ulium
673 2021 887 2118 decipiendo
906 2022 1073 2118 pejerant.
1113 2020 1295 2098 Dominus
1320 2045 1509 2118 namque,
1535 2023 1600 2117 qui

542 2125 638 2200 testis
658 2125 707 2199 est
733 2122 954 2198 conicientiae
970 2171 978 2188 ·
996 2126 1042 2196 ita
1063 2119 1136 2196 hoc
1161 2123 1314 2218 accipit.
1332 2119 1420 2198 sicut
1445 2121 1504 2196 iiie
1518 2122 1599 2200 ‚cui

542 2222 927 2319 iuratur‚intelligit·..
950 2217 999 2296 Hi
1020 2218 1130 2294 miseri
1149 2219 1239 2299 beu!
1258 2225 1397 2319 quantis
1409 2223 1458 2296 rei
1471 2237 1599 2297 tenen-

542 2341 603 2401 tur
628 2323 835 2398 criminibus
862 2374 873 2404 ,
900 2322 1184 2416 pravaricatotes
1216 2323 1326 2397 totius
1356 2319 1458 2398 sacrae
1488 2319 1598 2419 Lego

542 2422 759 2506 nterim&
789 2442 892 2494 norae
922 2418 1080 2515 proditi.
1114 2424 1197 2511 unia
1224 2419 1422 2518 loquuntur
1450 2425 1599 2498 menda·

542 2523 660 2600 cium.
680 2522 762 2616 quia
777 2515 955 2595 uffumunt
972 2541 1106 2595 nomen
1123 2515 1196 2596 Dei
1213 2521 1262 2597 iui
1284 2523 1319 2595 iu
1338 2544 1493 2608 vanum,
1514 2521 1598 2615 quir

418 2629 422 2660 '·
544 2625 755 2717 proximum
781 2619 869 2696 dolo
889 2622 1060 2714 capiunt,
1080 2619 1218 2717 insuper
1242 2621 1279 2695 δι
1302 2607 1493 2719 perjurant.
1526 2617 1599 2701 Ta·

544 2722 594 2798 les
616 2719 678 2797 uisu
696 2720 917 2817 condignam
945 2723 1083 2816 egerint
1112 2723 1387 2815 poenitentiam,
1415 2721 1536 2799 adbuc
1558 2726 1597 2799 in

545 2824 633 2899 rivis
661 2823 876 2917 corporibus
908 2837 1067 2898 mortuas
1095 2824 1229 2917 geitnre
1263 2820 1427 2902 ridentur
1458 2822 1597 2900 miserat

544 2945 679 2999 ammas
709 2977 731 3013 „
746 2976 781 3012 ‚,.

575 3019 816 3119 ¹suffragatur
840 3017 954 3096 eidem
980 3016 1129 3096 Moralis
1156 3018 1349 3099 christiana,
1376 3021 1541 3117 dogmati
1563 3026 1598 3093 S.

544 3119 663 3199 ibon.
675 3139 708 3197 a.
729 3141 761 3196 2.
784 3143 842 3215 qu.
856 3131 915 3211 89·
930 3135 994 3195 art.
1003 3140 1038 3211 7.
1063 3125 1099 3194 in
1127 3119 1352 3214 responsione
1365 3124 1408 3198 ad
1433 3138 1598 3221 quartam

545 3222 810 3317 objectionem:
841 3269 866 3305 η
881 3275 902 3310 t>
930 3217 1090 3312 Quando
1116 3224 1134 3314 (
1147 3217 1282 3316 inqut)
1313 3245 1387 3298 non
1406 3223 1456 3299 est
1472 3223 1598 3299 eadem

546 3325 691 3417 iurantia
713 3324 887 3402 intentio,
902 3319 938 3393 dr
955 3321 1050 3415 ejus,
1066 3323 1123 3396 cui
1140 3320 1293 3415 iurauit
1315 3322 1386 3398 hoc
1409 3325 1600 3419 proveniat

545 3446 592 3498 ex
617 3422 902 3516 dominantis,
928 3419 1033 3495 debet
1057 3421 1296 3518 jurannutum
1322 3421 1444 3498 serrari
1474 3421 1601 3499 secuu-

545 3523 636 3597 dum
664 3520 783 3596 sanum
802 3517 1016 3596 intellectum
1041 3522 1137 3614 ejus>
1160 3523 1217 3596 cui
1242 3524 1481 3615 iuramentum
1510 3543 1600 3617 prae·

543 3622 666 3697 ibatur.
692 3619 728 3695 Si
752 3632 870 3694 autem
899 3620 1016 3710 jurans
1045 3619 1169 3695 dolum
1193 3643 1269 3694 non
1294 3621 1483 3715 adhibeat;
1505 3619 1600 3696 obli·

540 3733 645 3819 gatur
656 3718 850 3794 secundum
861 3720 1096 3793 intentionem
1110 3720 1256 3813 jurantis
1270 3777 1292 3814 ,‚
1303 3769 1335 3813 ‚,.
1344 3721 1437 3793 Unde
1460 3728 1494 3795 S.
1511 3722 1600 3791 Gne.

538 3823 652 3917 gorius
664 3813 722 3887 itb.
736 3816 988 3891 numeralium
1002 3870 1014 3902 ,
1028 3833 1095 3911 cap,
1111 3834 1146 3911 7.
1158 3819 1205 3887 nit
1221 3834 1265 3911 2„
1277 3876 1299 3912 „
1312 3819 1601 3900 Humanarum

544 3921 649 3996 verbo
670 3917 787 3994 nostra
806 3916 883 3990 talia
902 3918 1062 4012 judicant
1093 3973 1102 4002 ,
1127 3916 1241 4011 qualia
1268 3919 1352 3996 foris
1373 3920 1520 3998 sonunt:
1543 3921 1598 3997 di·

547 4024 629 4098 vino
654 4040 739 4095 vero
763 4015 891 4114 judicia
916 4017 993 4092 talia
1011 4039 1051 4092 ea
1067 4019 1238 4103 audiunt,
1266 4021 1380 4115 qualia
1402 4044 1449 4098 err
1465 4022 1601 4099 intimis

550 4117 789 4217 proferuntur·
806 4116 911 4214 Apud
920 4115 1083 4194 homines
1092 4141 1159 4196 cor
1166 4138 1214 4196 ex
1225 4123 1352 4197 verbio,
1365 4124 1461 4217 apud
1470 4118 1597 4201 Deum

549 4240 636 4298 vero
660 4220 766 4295 rerba
782 4217 971 4316 pensantur
993 4240 1048 4295 ex·
1063 4220 1174 4296 corde
1201 4268 1268 4309 „‚,.

277 4380 279 4385 ,
342 4334 520 4418 emman.
598 4315 850 4407 Quamobrem
888 4322 1093 4389 innocentius
1121 4323 1186 4393 Xi.
1223 4318 1389 4397 Pontifex
1419 4324 1601 4401 munimur

341 4437 393 4479 nes
409 4420 489 4479 ‘1²1¹‘-
543 4418 607 4496 has
621 4418 886 4509 Propoirtioner
902 4423 1032 4495 merito
1043 4420 1224 4495 damnavit
1235 4423 1291 4496 die
1302 4438 1337 4490 2.
1352 4418 1473 4497 Martii
1489 4420 1600 4514 1679.
1653 4434 1657 4441 '

340 4508 426 4557 mil·

592 4572 646 4612 ‚,.
677 4518 755 4612 Qui
767 4517 943 4595 mediante
954 4517 1601 4611 comineodutiouc,rrlmunere,cd

1467 4643 1545 4703 m.
