3792 5375
568 567 571 571 ’
686 561 757 658 oe
787 563 1040 662 vinumun
1105 611 1108 616 ·
1184 539 1189 560 '
1318 564 1373 664 n·

371 729 436 816 vl.
466 729 780 814 commutationes
791 738 953 834 quaedana
968 731 1169 810 Voluntaria
1179 731 1277 823 lunt,
1292 731 1368 812 aliae

1384 691 1555 816 bominum

1382 815 1478 864 tronea
1502 823 1555 866 vo·

329 831 571 907 involuntaria.
610 832 831 916 Voluntariae
856 839 965 918 sunt,
991 836 1120 935 quibua
1140 835 1262 935 eliquia
1290 859 1363 910 tem
1380 875 1520 954 luntario,

325 929 414 1014 luam
447 934 562 1012 libero
592 936 802 1020 coutrailn,
827 939 883 1015 seu
922 939 1173 1014 conventione·
1204 935 1366 1012 transfert

323 1040 362 1113 ad
382 1036 546 1113 alterum.
561 1030 675 1112 istius
721 1040 831 1114 cuerit
844 1037 924 1114 lunt
948 1038 1108 1132 Enptto,
1126 1035 1169 1108 (r
1188 1037 1363 1128 penditio,
1380 1052 1407 1115 s,
1423 1051 1518 1116 Tm
1532 1069 1565 1120 2,

322 1133 486 1208 annm
503 1182 515 1219 ,
533 1133 670 1222 Ulusfru
705 1159 764 1213 us,
784 1133 1007 1230 Emphyteufis
1025 1193 1036 1224 ,
1069 1141 1250 1221 Mutuum,
1270 1140 1359 1204 Com·
1379 1149 1407 1208 q.
1421 1135 1470 1198 ⁶1·
1484 1151 1523 1196 ²1·
1536 1145 1565 1210 i·

319 1239 507 1323 nodatum,
522 1232 1147 1331 Locntn‚1npignnano,Fitejnffln
1159 1231 1364 1326 Depofitum.

287 1381 289 1386 ·
370 1335 532 1426 enuptio,
555 1341 598 1406 u
622 1336 771 1405 nenainb
798 1335 881 1415 sunt
903 1336 1133 1418 conttntlna.
1161 1335 1290 1433 quibus
1312 1356 1367 1412 ret

323 1451 390 1536 pro
414 1450 515 1513 cetto
547 1438 665 1532 pretio
697 1452 956 1533 permutantur.
997 1431 1165 1507 cambiunt
1185 1433 1235 1512 est
1262 1436 1366 1512 uulua

323 1539 370 1614 tei
396 1557 465 1632 pro
490 1535 596 1611 ultera
620 1540 886 1624 commutatio,
912 1551 954 1615 nt
975 1538 1047 1612 vini
1074 1555 1141 1634 pto
1165 1533 1279 1612 oleo.
1305 1536 1368 1610 tri·

323 1639 382 1713 tici
404 1656 475 1732 pro
499 1656 641 1730 panno,
661 1637 821 1730 pecuniae
844 1640 948 1714 etiam
972 1659 1040 1734 pro
1059 1639 1208 1732 pecunia
1226 1635 1368 1712 alteriue

323 1732 455 1835 speciei.
495 1730 705 1823 Usnfrntins
729 1735 778 1812 est
807 1738 856 1813 rei
886 1734 1068 1814 frudilerae
1104 1737 1256 1830 gratuita
1278 1757 1369 1811 con-

324 1832 428 1914 colliu
447 1832 492 1911 ad
512 1831 615 1912 ulum
635 1857 674 1911 ea
695 1834 796 1933 lege,
818 1854 858 1913 ut
885 1859 940 1913 res
961 1834 1030 1934 ipia
1050 1850 1215 1945 tempore
1236 1833 1371 1912 statuto

323 1936 500 2012 reddatur.
523 1931 747 2029 Enphyteuis
771 1934 819 2014 est
840 1937 1021 2028 translatio
1040 1933 1251 2012 uiutlrutlna
1266 1937 1302 2010 in
1321 1931 1372 2009 al·

324 2049 440 2113 terum
462 2033 525 2111 iub
542 2035 752 2112 conditione
778 2033 957 2136 penfinnia
978 2056 1124 2122 anuuae,
1142 2031 1212 2112 lire
1233 2036 1269 2111 in
1290 2054 1371 2133 pet·

324 2151 492 2232 potuum,
513 2131 801 2228 liveaotemoua
818 2135 1005 2212 solvendae.
1032 2138 1189 2205 Mutuum
1209 2134 1258 2210 est
1281 2155 1372 2210 oon·
1483 2215 1486 2222 .

324 2233 473 2316 trabae,
492 2256 568 2333 qno
589 2239 700 2333 gratia
722 2237 934 2313 conceditur
961 2232 1040 2311 ulus
1063 2238 1113 2310 rei
1133 2231 1370 2330 infrugifera.

325 2355 405 2429 quae
427 2331 504 2429 ipso
533 2332 595 2410 usn
612 2335 860 2413 conluantur,
881 2357 965 2412 cum
983 2334 1203 2432 obligatione
1222 2331 1375 2408 redden«
1425 2381 1431 2400 ,

325 2437 362 2510 di
378 2433 601 2529 aequivalens.
626 2435 870 2505 commodatum
891 2433 962 2517 est,
983 2455 1059 2527 qun
1081 2434 1188 2608 gratio
1202 2432 1374 2509 concedi·
1402 2471 1405 2480 ·

327 2548 384 2610 tut
413 2531 493 2611 ulus
514 2536 563 2608 rei
588 2532 826 2631 infrugiferae,
848 2557 927 2633 qnae
954 2530 1030 2630 ipio
1060 2557 1123 2611 un
1143 2555 1221 2609 non
1245 2532 1374 2608 consu·

326 2634 457 2719 mitur,
475 2653 559 2710 cum
580 2633 801 2732 obligatione
824 2631 994 2711 reddendi
1017 2655 1093 2710 rem
1114 2630 1221 2731 ipsam
1244 2631 1373 2709 indivi-

326 2734 455 2820 duam.
482 2753 562 2831 qun
596 2735 826 2810 commodata
848 2733 908 2812 est.
938 2738 1076 2807 Lo‘cntio
1100 2732 1173 2816 est,
1197 2756 1266 2832 qua
1293 2735 1375 2830 quia

329 2836 377 2909 rei
395 2832 464 2908 suae
485 2831 586 2911 ulum
608 2835 776 2910 concedit
796 2835 899 2927 patto
919 2836 1047 2934 pretio.
1075 2829 1171 2910 Huic
1183 2833 1376 2929 respondet

328 2930 527 3012 conluuio,
549 2935 631 3028 qnia
652 2934 727 3010 talis
751 2932 829 3012 ulus
855 2938 1034 3029 recipitur.
1080 2932 1216 3010 Mutuo
1245 2931 1376 3006 dantur

329 3036 507 3114 triticum,
525 3035 648 3126 panis,
671 3037 815 3120 vinnm,
840 3035 961 3111 oleum
980 3089 990 3119 ,
1008 3038 1178 3131 pecunia.
1201 3031 1269 3108 &o
1296 3028 1377 3105 alia·

330 3156 403 3227 que
425 3131 645 3226 hujusmodi,
667 3157 746 3231 quae
768 3134 831 3212 uin
853 3135 930 3232 ipio
946 3132 1218 3209 consumuntur·
1260 3127 1376 3207 Com·

329 3231 525 3310 mudantur
537 3235 668 3315 vestes,
686 3233 861 3331 inpellere,
881 3232 976 3317 vala,
991 3233 1067 3308 libri
1078 3287 1088 3317 ,
1104 3231 1173 3305 &n
1203 3252 1282 3326 quae
1300 3249 1377 3303 non

331 3331 589 3410 consumuntur
620 3333 694 3429 ipio
717 3335 789 3412 niu.
818 3333 1003 3413 Locantur
1025 3332 1182 3413 domus,
1213 3331 1306 3426 agri,
1325 3330 1377 3403 vi·

332 3452 426 3512 που,
441 3434 547 3528 equi,
568 3454 708 3529 operae.
733 3436 805 3516 buc.
831 3432 1069 3527 impignoratio
1089 3430 1139 3505 est
1160 3430 1302 3504 traditio
1326 3427 1377 3502 rei

332 3530 524 3627 cujuspiam
545 3534 589 3608 nd
617 3531 825 3611 firmandam
851 3535 1108 3628 obligationem
1137 3526 1378 3605 satisfaciendi.

332 3631 535 3724 Fldn'uffivn
558 3655 629 3731 qua
650 3635 772 3733 aliquia
794 3635 827 3711 se
854 3634 990 3731 obligat
1019 3630 1064 3707 ad
1096 3628 1379 3706 satisfaciendum

333 3755 401 3833 9¹⁰
425 3731 550 3808 istem·
578 3730 787 3822 omitum.
809 3757 884 3833 quo
899 3736 977 3831 quis
999 3755 1073 3808 tem
1095 3729 1191 3806 luam
1213 3726 1308 3826 apud
1328 3724 1394 3829 εἰ..

334 3852 449 3909 terum
478 3831 808 3931 deponit2ejuique
827 3832 909 3909 fidei
929 3831 1159 3909 commendat
1179 3828 1288 3924 gratis
1313 3844 1380 3900 cu·
1453 3904 1465 3913 ,,

332 3929 578 4018 liudieudam,
607 3933 644 4008 ἀ
669 3933 954 4011 conservandam.
1331 4020 1339 4035 ο

384 4029 952 4112 Commutationesinrolontariae
966 4030 1045 4107 lunt
1057 4076 1067 4112 ,
1081 4025 1210 4125 quibua
1229 4042 1283 4098 ret
1297 4017 1378 4134 alto

334 4154 403 4219 na.
434 4132 488 4207 vel
512 4130 662 4228 persona
694 4133 903 4234 usurpantur
925 4133 1041 4208 invito
1069 4126 1232 4202 domino.
1261 4116 1379 4209 Huius

331 4234 469 4329 generis
494 4232 575 4310 lunt
597 4234 758 4319 fortun,
784 4235 921 4329 rapina,
942 4228 1173 4307 homicidium,
1195 4221 1249 4295 len
1268 4219 1379 4303 dolo.

330 4340 386 4411 len
406 4335 438 4410 vi
465 4350 589 4432 aperta
613 4330 839 4414 commillum
856 4357 867 4425 ;
887 4319 1207 4409 mentemmentdm
1232 4320 1380 4386 vntenne

330 4438 471 4505 detentio
497 4434 644 4529 persona
669 4436 897 4526 contraius,
922 4430 959 4506 &
994 4429 1126 4525 privata
1153 4421 1379 4501 tutioritute.

331 4532 545 4624 verberatio,
571 4531 770 4628 mutilatio,
789 4528 911 4627 falsum
935 4525 1177 4633 testimonium,
1197 4519 1381 4596 calonna,

692 4630 909 4741 '0st
1136 4615 1355 4697 ,Φ

1578 4712 1605 4817 i
