3792 5375
633 648 690 746 ξ.
726 632 858 702 Cor.
897 638 990 704 ης

1053 506 1215 586 320
1441 471 1756 574 Theol.
1807 474 2037 593 Dog.
2073 480 2153 571 δι
2192 443 2497 612 MoraL
2530 477 2723 577 Lib.
2752 417 2906 575 IV.

1047 673 1153 732 tas
1191 654 1381 729 enim
1422 649 1638 728 dicit}
1682 649 1877 748 Qis
1904 645 2288 737 infirmatur
2314 700 2335 733 ,
2373 653 2458 723 (θ’
2487 676 2519 719 e
2566 675 2599 720 ο
2646 675 2770 723 non
2804 648 3166 738 infirmor}

1045 755 1244 845 ,Quis
1274 750 1780 840 fiandalizatur
1801 798 1826 836 ,
1869 749 1957 823 Θ
2005 759 2118 845 ego
2157 766 2280 821 non
2326 774 2484 822 uror
2512 804 2531 821 .
2565 749 2703 829 Sed
2740 752 3037 834 charitas
3065 779 3162 839 ex

1048 852 1220 932 Deo
1267 851 1388 932 est.
1443 853 1760 934 Oremus
1806 873 1984 947 ergo
2015 900 2036 931 ‚
2075 863 2157 928 ut
2196 855 2284 927 ab
2322 851 2448 926 illo
2493 853 2739 945 detur,
2775 877 2813 928 a
2851 878 3002 952 quo
3043 860 3161 954 ju.

1045 952 1279 1031 betur.
1336 949 1422 1029 Et
1458 977 1582 1048 per
1608 951 1806 1027 -hanc
1845 951 2072 1044 magis
2120 952 2536 1034 timeamus,
2590 976 2681 1026 ne
2728 976 2899 1029 oves
2948 955 3162 1034 Chri.

1044 1053 1129 1130 sti
1174 1051 1538 1149 spiritualis
1582 1052 1914 1147 nequitiae
1951 1047 2191 1145 gladio
2241 1055 2312 1125 in
2350 1051 2613 1136 corde,
2641 1075 2854 1148 quam
2894 1080 2983 1144 ne
3016 1060 3153 1133 fer.

1042 1175 1132 1227 ro
1171 1155 1241 1228 in
1290 1175 1600 1249 corpore
1643 1149 2084 1227 trucidentur
2111 1197 2132 1230 ‚
2185 1150 2934 1251 ubiquandocunque
2963 1179 3156 1251 quo-

1042 1253 1620 1352 cunquemortis
1667 1272 1928 1347 genere
1976 1251 2298 1326 morituri
2347 1248 2527 1327 sunt.
2614 1249 2851 1349 Magis
2905 1256 3155 1335 timea.

1038 1374 1204 1429 mus
1235 1408 1257 1440 ,
1299 1376 1435 1435 ne,
1483 1348 1672 1427 sensu
1729 1351 2051 1425 interiori
2104 1366 2457 1446 corrupto
2498 1396 2521 1432 ,
2582 1369 2818 1445 pereat
2874 1360 3148 1435 castitas

1037 1449 1202 1527 fidei
1251 1501 1270 1533 ,
1325 1474 1543 1549 quam
1604 1472 1693 1526 ne
1745 1447 2022 1541 feminae
2079 1447 2423 1524 violenter
2470 1449 3018 1546 constuprentur
3064 1459 3140 1536 in

1034 1574 1296 1627 carne:
1356 1553 1518 1644 quia
1555 1547 1887 1624 violentia
1926 1571 2077 1622 non
2107 1546 2409 1644 violatur
2444 1548 2777 1645 pudicitia
2801 1605 2820 1635 ‚
2863 1551 2910 1626 fi
2937 1577 3143 1631 men.

1029 1662 1105 1725 te
1141 1650 1466 1727 servatur.
1521 1646 1937 1743 Quoniam,
1977 1671 2110 1723 nec
2149 1649 2220 1722 in
2267 1667 2476 1723 carne
2516 1651 2865 1748 violatur,
2912 1677 3139 1747 quan.

1026 1752 1132 1825 do
1177 1749 1504 1829 voluntas
1551 1751 1878 1843 patientis
1929 1746 2040 1823 sua
2081 1749 2375 1844 turpiter
2411 1770 2619 1823 carne
2663 1773 2813 1824 non
2864 1759 3130 1843 utitur,

1020 1849 1140 1925 sed
1187 1849 1328 1925 fine
1392 1846 1855 1924 consentione
1927 1847 2185 1923 tolerat
2216 1895 2239 1931 ‚
2287 1848 2487 1943 quod
2550 1847 2717 1923 alius
2771 1870 3133 1945 operatur.

1019 1949 1263 2046 Magis
1318 1952 1688 2024 timeamus
1717 2001 1739 2032 .
1787 1972 1879 2022 ne
1924 1919 2188 2044 lapid'es
2239 1950 2383 2021 vivi
2425 1950 2969 2044 extinguantur,
3010 1957 3135 2030 de-

1013 2049 1397 2126 serentibus
1449 2050 1656 2122 nobis
1683 2101 1703 2131 .
1740 2069 1958 2139 quam
1990 2065 2079 2120 ne
2125 2046 2383 2145 lapides
2411 2100 2433 2132 ,
2469 2047 2537 2122 δι
2584 2046 3128 2143 lignaterreno.

1015 2168 1180 2225 rum
1247 2144 1707 2224 aedificiorum
1764 2145 2236 2222 incendantur
2283 2193 2305 2229 ‚
2387 2146 2832 2241 praesentibus
2884 2156 3117 2230 nobis.

1015 2246 1261 2343 Magis
1318 2250 1741 2331 timeamus,
1800 2269 1892 2320 ne
1945 2247 2260 2320 membra
2314 2248 2940 2339 corporis,Christi
2995 2252 3120 2329 de-

1014 2347 1254 2426 stituta
1308 2344 1635 2443 spirituali
1690 2344 1874 2421 victu
1922 2361 2263 2422 necentur
2310 2398 2331 2429 ,
2388 2357 2747 2440 quarn'ne
2797 2353 3112 2431 membra

1012 2449 1342 2544 corporis
1392 2444 1610 2520 nostri
1662 2440 1985 2540 oppress'a
2013 2443 2246 2519 hostili
2290 2448 2563 2541 impetu
2617 2464 3109 2546 torqueantur.

1007 2545 1189 2625 Non
1238 2548 1400 2643 quia
1444 2545 1562 2620 ista
1604 2566 1755 2622 non
1797 2543 1954 2621 sunt
1996 2542 2273 2619 vitanda
2304 2568 2527 2631 ,cum
2577 2545 2862 2643 possunt
2910 2605 2930 2636 ,
2992 2551 3108 2629 sed

1011 2651 1178 2749 quia
1219 2648 1458 2742 potius
1507 2643 1790 2722 ferenda
1837 2642 1995 2720 sunt
2033 2697 2054 2731 ,
2101 2644 2393 2742 quando
2437 2650 2651 2724 vitari·
2677 2646 2816 2724 fine
2854 2654 3101 2747 impie-

1006 2761 1154 2827 tate
1208 2769 1365 2825 non
1411 2741 1757 2840 poffunt3
1801 2741 1929 2819 nifi
1981 2741 2167 2820 forte
2228 2745 2593 2844 quisquam
2648 2753 3102 2830 contenderit

905 2926 909 2930 ,
1006 2871 1163 2925 non
1209 2842 1345 2922 effe
1382 2845 1774 2923 ministrum
1818 2845 2165 2936 impium,
2207 2850 2331 2942 qui
2367 2864 2539 2924 tunc
2585 2847 2920 2926 subtrahit
2959 2855 3093 2930 mi-

995 2948 1354 3125 niffirium
1412 2945 1652 3042 pietati
1686 2938 2140 3022 neceffarium
2176 2994 2200 3032 ,
2229 2947 2523 3045 quando
2558 2954 2781 3047 magis
2822 2952 2919 3029 est
2967 2977 3091 3030 ne-

993 3069 1078 3126 ce
1174 3070 1353 3124 num
1401 3093 1540 3139 ’,πο

1568 3220 2229 3320 REGULA
2334 3223 2504 3308 IX.
