3792 5375
442 536 512 636 De
537 468 674 656 ptimo
700 531 904 649 Decalogi
921 550 1147 662 precepto,
1264 557 1344 666 357

288 707 433 800 edesius
453 706 663 886 aspritudine
679 723 839 790 mentem
852 725 950 790 tuem
965 708 1130 809 personet
1141 755 1150 791 2
1162 708 1225 808 qui
1243 729 1342 786 aures

287 835 365 890 nou
391 819 491 909 potes
522 863 544 898 ,‚
560 863 598 900 „.
984 883 989 893 ,

340 909 385 990 Et
402 913 492 988 libro
515 930 546 990 ι,
559 930 638 1004 cept
651 922 712 1002 30.
742 965 799 1002 „‚,
813 903 994 990 Omnibus
1008 907 1153 1010 quidem
1168 905 1340 986 debemur

285 1009 585 1094 misericordinms
618 1007 675 1083 sed
701 1014 784 1105 quia
815 1011 974 1107 plerique
996 1009 1117 1088 sraude
1142 1031 1221 1084 eum
1242 1025 1342 1099 quae·

287 1127 392 1200 runt,
411 1107 648 1202 &adfingunt
667 1131 884 1195 aerumnam,
913 1111 997 1187 ideo
1014 1113 1074 1189 ubi
1102 1105 1200 1185 causa
1227 1106 1342 1180 mani.

287 1210 452 1294 sellatur.
477 1210 624 1302 persona
645 1209 899 1310 cognoscitur.
915 1223 1058 1309 tempus
1071 1219 1196 1312 urget,
1210 1203 1341 1306 largius

286 1309 323 1399 se
343 1309 451 1400 debet
475 1304 692 1404 profundere
718 1309 991 1404 misericordia„
1004 1365 1043 1402 „.

507 1485 835 1580 RssGuLn
886 1489 1113 1584 XXVII.

288 1649 380 1730 Nou
395 1647 511 1726 obviis
533 1661 674 1726 tantum
698 1654 911 1750 pauperibus
933 1651 1116 1748 eroganda
1127 1648 1177 1725 eli
1194 1645 1349 1725 eleemo·
1471 1625 1493 1636 ”

338 1749 445 1852 syna,
466 1745 524 1823 sed
538 1772 707 1844 pauperes
726 1753 930 1848 quaerendi,
956 1753 993 1827 dc
1011 1750 1076 1825 illis
1101 1752 1256 1824 maxime
1270 1745 1349 1822 sub·

339 1845 557 1936 veniendum
569 1901 579 1933 ,
593 1853 654 1948 qui
667 1874 738 1950 ptae
749 1850 960 1930 verecundia
975 1866 1093 1949 petere
1115 1872 1190 1925 non
1204 1846 1348 1924 audent.

292 2010 376 2168 H
388 2028 455 2084 anc
466 2005 642 2108 Regulam
655 2009 800 2098 tradunt
815 2006 875 2085 SS.
891 2006 1031 2094 Patres,
1045 2005 1173 2094 scilicet
1186 2007 1219 2078 S.
1237 2000 1344 2088 poan,
1360 2006 1526 2148 Eloenqff·

379 2109 639 2198 contudimus,
663 2105 803 2190 Homil.
823 2125 880 2180 21.
893 2113 928 2183 in
944 2105 1049 2202 Epist
1072 2107 1116 2188 ad
1135 2104 1342 2191 Romanos,
1360 2108 1403 2150 ¹¹²
1418 2085 1479 2150 ⁰¹¹⁸
1506 2104 1545 2146 ¹³·

296 2207 480 2302 explicans
505 2208 582 2284 haec
607 2211 712 2283 verba
731 2207 892 2306 Apostoli
906 2234 914 2279 ε
930 2206 1204 2302 Hospitalitatem
1218 2198 1343 2272 Setiatt.
1358 2161 1541 2311 gwod-

291 2323 356 2388 τοι.
383 2301 559 2394 Observat
582 2311 700 2390 enim,
716 2309 928 2402 Apostolum
948 2306 1021 2385 hoc
1046 2311 1156 2386 uerbo
1180 2304 1252 2382 uti.
1275 2322 1343 2377 nos

296 2407 514 2494 docentem:
545 2463 567 2498 ‚,
580 2463 602 2499 ,‚
618 2405 670 2494 Ut
686 2431 760 2484 non
779 2407 1021 2502 exspeslemus
1043 2429 1202 2504 egenos.
1225 2401 1345 2483 donec

289 2507 412 2592 adnos
439 2508 602 2592 veniant.
625 2506 682 2583 sed
695 2508 738 2586 ad
756 2507 849 2601 ipsos
862 2530 1067 2595 curramus,
1098 2505 1135 2589 u
1162 2503 1342 2582 testemur.
1467 2518 1471 2536 ¹

291 2604 349 2682 Sic
361 2604 460 2697 Loth
478 2608 581 2692 l'ecit,
607 2606 654 2683 fic
677 2607 863 2691 Abraham.
896 2605 1041 2691 Totum
1070 2627 1227 2704 namque
1245 2602 1342 2682 diem

290 2710 329 2782 in
343 2708 415 2783 lroc
428 2710 679 2795 consumebat,
704 2712 837 2784 bonam
859 2710 1048 2802 expetitus
1084 2709 1340 2794 venationem

290 2806 367 2889 &li
380 2808 526 2909 quando
546 2810 750 2905 quempiam
769 2808 934 2894 videbat,
951 2807 1149 2891 insiliebat,
1172 2823 1336 2889 occurre·

291 2907 372 2991 bat,
396 2906 441 2983 ad
456 2923 583 2991 tetram
598 2906 828 3003 supplicando
852 2906 1093 3002 procidebat,
1118 2905 1238 2984 diceus
1264 2923 1273 2968 t
1302 2899 1337 2969 Si
1352 2884 1515 2960 Gillffi

285 3013 434 3099 gratiam
447 3008 561 3077 inveni
573 3015 608 3075 in
620 3006 782 3099 conspersit
794 3028 850 3079 tuo
862 3062 872 3092 ,
886 3031 923 3076 ne
936 3006 1080 3094 transeas
1091 3005 1220 3089 servum
1233 3021 1338 3079 tuum,

290 3104 381 3187 Non
395 3107 703 3206 quemadmodum
723 3130 813 3192 nos,
832 3110 993 3205 quicum
1013 3108 1262 3203 peregrinum,
1276 3118 1338 3181 aut

290 3229 482 3307 pauperem
504 3212 727 3294 videremus,
765 3206 945 3307 supercilia
967 3205 1186 3290 attollimus,
1219 3223 1336 3296 neque

293 3307 423 3402 dignos
444 3309 674 3394 aestimamus,
702 3330 795 3406 quos
816 3305 1050 3404 alloquamur.
1079 3303 1121 3389 Et
1142 3303 1166 3383 sr
1188 3300 1336 3400 quando

292 3407 484 3485 innumeris
511 3408 824 3505 supplicationibus
838 3410 898 3493 vix
920 3407 1064 3481 tandem
1079 3405 1230 3488 molliri,
1256 3423 1339 3476 mo.

289 3504 411 3583 dicum
428 3513 564 3606 argenti
589 3530 651 3603 per
672 3507 825 3595 ,l'umulos
850 3507 923 3580 dari
946 3503 1171 3599 jusserimus3
1198 3504 1341 3585 univer·

290 3609 387 3689 sum,
402 3611 500 3703 quod
514 3611 557 3683 ad
583 3606 851 3683 beneficentiam
867 3609 1032 3682 attineat,
1045 3628 1157 3704 prope
1172 3627 1237 3679 nos
1253 3623 1342 3699 pree·

292 3702 408 3779 stitisse
429 3725 604 3805 putamus.
633 3707 809 3791 Abraham
824 3730 908 3783 vero
923 3729 997 3781 nnn
1016 3709 1082 3802 ita,
1097 3705 1152 3780 sed
1164 3704 1341 3798 sumptam
1493 3740 1505 3753 ·
1524 3744 1533 3753 ·
1607 3702 1611 3709 ’

290 3804 411 3885 famuli
436 3807 620 3900 personam
643 3805 927 3893 induit‚tametsr
955 3810 1153 3903 ignoraret,
1168 3802 1343 3899 quosnam

289 3903 506 3998 suscepturus
526 3904 619 3995 esset.
648 3908 727 3983 Nos
750 3925 868 3984 autem
882 3908 963 3981 licet
981 3906 1157 3987 manil'elle
1173 3907 1340 3981 iciunum,

292 4009 393 4101 quud
408 4008 444 4077 in
458 4011 666 4102 pauperibus
688 4004 868 4091 Christum
893 4005 1132 4103 suscipiamus,
1160 4023 1275 4103 neque
1295 3994 1342 4076 stu

292 4118 410 4182 tamen
428 4109 595 4185 mansueti
617 4106 796 4188 reddimur
812 4154 821 4186 ‚
836 4105 891 4182 sed
910 4127 994 4191 cum
1015 4106 1070 4187 ille
1093 4100 1250 4179 obsecret
1273 4146 1283 4181 2
1306 4097 1343 4178 Se

285 4201 484 4300 supplicet,
500 4207 736 4302 &procidam
756 4227 821 4280 nos
845 4205 1051 4283 accedentes
1078 4199 1247 4282 conuiciis
1279 4197 1347 4276 ob.

293 4307 438 4387 ruimus·
468 4303 510 4383 Et
537 4307 712 4380 librabant
742 4305 885 4397 quidem
914 4302 1035 4379 omnia
1049 4325 1110 4399 per
1122 4297 1345 4398 seipsuum&

295 4424 448 4478 uxorem
475 4406 690 4509 aurtnptetut
716 4402 884 4503 obsequia
909 4448 920 4493 2
948 4422 1016 4484 nus
1043 4422 1128 4486 reto
1149 4420 1265 4503 neque
1284 4418 1348 4500 pse

295 4501 448 4619 lemulos
476 4560 551 4610 „m
778 4597 861 4706 24
987 4626 1010 4643 Γ
