3792 5375
1114 545 1288 653 ’κη
1478 538 2043 654 The01.Dog.
2100 542 2183 630 sc
2221 535 2524 635 morat
2565 535 2750 630 Lib.
2786 535 2934 630 Ν.

1120 718 1197 792 in
1222 713 1660 811 eleemosyna
1687 728 1926 791 autem
1955 765 1971 789 ‚
2016 725 2098 790 tu
2147 709 2391 790 Deum
2445 711 2571 787 tibi
2621 710 3033 790 obstrictum
3099 707 3226 793 ha·-

1122 818 1270 892 beS.
1350 813 1809 914 Eleemosyna
1882 837 2052 889 vero
2119 829 2273 888 tum
2336 814 2634 887 demum
2686 812 2827 895 est,
2903 837 3071 888 cum
3139 836 3223 894 tu

1121 930 1475 1011 prompto
1500 970 1520 999 ,
1576 932 1793 1010 atque
1817 915 2023 989 alacri
2054 916 2294 987 animo
2321 961 2344 995 ‚
2379 935 2548 988 cum
2576 911 2768 1008 large
2800 966 2821 996 ,
2865 913 2936 987 δι
2967 916 3226 1011 eopio-

1122 1014 1194 1090 se
1239 1017 1524 1106 tribuis;
1604 1037 1773 1090 cum
1820 1029 1889 1088 te
1934 1011 2162 1107 ipsum
2229 1034 2383 1087 non
2449 1010 2616 1086 dare
2662 1065 2685 1096 ,
2738 1011 2850 1086 sed
2903 1020 3226 1109 accipere

1121 1114 1516 1206 existimas3
1563 1137 1730 1190 cum
1775 1113 2064 1206 perinde
2092 1134 2175 1186 ac
2216 1109 2642 1187 beneficium
2693 1116 3089 1209 accipiens,
3138 1116 3214 1192 &

1013 1275 1023 1286 .
1120 1214 1467 1309 qu'aestum
1522 1212 1812 1294 faciens,
1869 1235 1954 1287 ac
2005 1235 2153 1286 non
2195 1227 2532 1308 tanquam
2583 1209 2879 1306 perdens
2927 1212 3222 1309 largiris.

1002 1313 1007 1320 '
1116 1309 1312 1391 Nam
1353 1313 1494 1387 hoc
1516 1314 1777 1410 alioqui
1833 1337 1921 1386 ne
1969 1310 2391 1386 beneficium
2441 1315 2732 1405 quidem
2780 1313 3212 1393 censendum

1115 1412 1348 1490 fuerit·
1404 1412 1547 1504 Qui
1576 1421 1761 1487 enim
1811 1411 2283 1486 misericordia
2338 1411 2629 1486 ductus,
2667 1415 2985 1505 inopiam
3038 1414 3218 1490 alte-

1112 1517 1260 1588 rius
1294 1512 1602 1587 sublevat
1633 1562 1654 1595 ,
1698 1514 1752 1586 is
1793 1516 2039 1609 utique
2091 1510 2255 1586 laeto
2292 1515 2580 1596 animo,
2636 1534 2786 1586 non
2833 1516 3077 1606 gravi,
3127 1537 3215 1591 ac

1109 1612 1418 1687 molesto
1444 1608 1576 1686 effe
1603 1612 1833 1712 debe't.
1899 1617 2006 1686 An
2039 1634 2185 1686 non
2211 1613 2400 1685 enim
2429 1611 2803 1687 absurdum
2834 1615 3079 1699 fuerit,
3118 1613 3165 1689 fi
3189 1669 3213 1701 ,

1107 1733 1281 1785 cum
1320 1711 1602 1787 alterius
1657 1733 2051 1788 moerorem
2102 1709 2423 1787 discutias
2458 1759 2481 1796 ,
2540 1733 2842 1788 moereas
2892 1713 3078 1807 ipse,
3128 1737 3216 1792 ac

1107 1807 1742 1903 discrucieris‘„„?
1878 1861 1883 1866 ·
1954 1858 1958 1861 -

1209 1905 1301 1986 Et
1346 1907 1658 1986 Homilia
1726 1915 1844 1983 21.
1900 1911 1973 1985 in
2028 1905 2407 2007 Epistolam
2474 1907 2562 1984 ad
2615 1905 2989 1987 Romanos
3037 1924 3205 1988 toto

1104 2009 1276 2087 z'elo
1317 2010 1668 2086 invehitur
1724 2016 2001 2093 ineos,
2040 2013 2161 2106 qui
2217 2013 2642 2107 pauperibus
2689 2009 3214 2109 eleemosynarii

1006 2109 1010 2113 ’
1104 2113 1512 2205 petentibus
1561 2108 1888 2187 insultant
1919 2158 1937 2191 ‚
1979 2106 2270 2205 illosque
2311 2112 2501 2186 duris
2533 2151 2554 2185 ³
2610 2110 2682 2184 &
2724 2112 2988 2186 acerbis
3036 2111 3216 2208 saepe

1108 2211 1345 2285 verbis
1380 2210 1752 2307 repellunt·
1815 2265 1927 2300 „,‚
1972 2210 2390 2306 Quomodo
2435 2210 2775 2303 (inquit)
2822 2212 2907 2283 ad
2962 2208 3212 2288 Deum

1109 2309 1290 2384 dicis
1316 2309 1337 2377 ἑ
1362 2307 1695 2385 Miserere
1733 2305 1922 2384 mei?
1974 2309 2387 2406 Quomodo
2416 2322 2877 2407 peccatorum
2907 2323 3203 2387 tuorum

1104 2408 1386 2484 veniam
1418 2412 1595 2506 petis
1618 2463 1640 2495 ,
1669 2414 1984 2505 quicum
2010 2410 2424 2486 conviciaris
2449 2465 2469 2497 ,
2500 2413 2625 2507 qui
2662 2410 2787 2485 tibl
2829 2408 2997 2483 nihil
3036 2431 3210 2502 pec·

1103 2514 1409 2593 caverit.
1454 2532 1893 2606 poenamque
1951 2533 2085 2606 pro
2140 2507 2364 2593 fame,
2420 2525 2759 2608 tantaque
2804 2505 3201 2585 neceffitate

1107 2610 1333 2706 exigis
1382 2662 1404 2694 ,
1481 2606 1748 2706 quasvis
1826 2610 2083 2699 bestias,
2144 2606 2562 2686 crudelitate
2632 2610 2977 2706 l'uperanss
3062 2604 3204 2686 [llae

1102 2705 1452 2804 siquidem
1489 2726 1800 2806 cogente
1831 2728 2073 2785 ventre
2108 2708 2529 2805 deputatum
2569 2709 2688 2785 fibi
2716 2712 2956 2786 cibum
2991 2714 3203 2785 attin-

1099 2822 1338 2903 gunt3
1385 2822 1462 2884 tu
1518 2833 1688 2883 vero
1724 2812 2004 2884 nemine
2040 2809 2447 2906 impellente
2498 2810 2780 2886 fratrem
2825 2826 3031 2885 tuum
3077 2814 3202 2886 de-

1098 2926 1357 2994 voras,
1402 2909 1731 2994 mordeS,
1784 2907 2037 2985 laceras
2067 2956 2087 2986 2
2136 2906 2298 2985 licet
2336 2933 2486 2985 non
2538 2913 2910 3011 dentibus,
2973 2915 3201 2986 verbis

1096 3018 1337 3083 tamen
1387 3007 1732 3085 morsibus
1803 3009 2694 3122 quibusvis'gravioribus.
2786 3007 3199 3105 Quomodo

926 3108 955 3201 j
1094 3128 1277 3203 ergo
1332 3108 1589 3182 sacram
1633 3105 2102 3186 Oblationem
2165 3110 2393 3186 lumes
2426 3159 2448 3193 ‚
2523 3115 2645 3207 qui
2689 3111 3004 3206 linguam
3063 3109 3200 3185 hu-

1092 3222 1315 3282 mano
1358 3204 1691 3303 sanguine
1738 3208 2128 3286 rubefecisti
2174 3208 2206 3283 2
2256 3208 2665 3302 Quomodo
2719 3232 2963 3302 pacem
3022 3210 3140 3282 das
3169 3256 3195 3290 ‚

1092 3328 1224 3380 ore
1248 3305 1441 3381 bellis
1467 3308 1647 3383 adeo
1677 3308 1938 3386 referto
1967 3310 1995 3387 ,⁹
2022 3308 2434 3400 Quomodo
2465 3308 2752 3384 sensibili
2780 3311 2984 3381 etiam
3020 3311 3190 3381 cibo
