3792 5375
680 549 756 646 ¹De
782 551 1037 653 Virtutum:
1318 551 1378 667 'si

374 705 515 810 blosius
532 722 570 801 in
584 721 788 804 liberalitate
801 727 989 806 servandus
1010 726 1130 814 esbus
1144 723 1169 819 ‚J
1180 721 1208 818 3,
1229 723 1374 810 Nessu-
1394 713 1501 779 Modus
1519 683 1551 776 sn

320 828 457 927 perdura
476 825 519 910 st
536 830 631 903 circa
651 828 903 923 importunos,
916 852 1033 927 neque
1054 826 1203 906 restrisla
1216 832 1308 905 circa
1322 832 1373 904 in·
1389 793 1565 934 ww

319 932 484 1029 eligentes
497 929 634 1021 (inquo
646 931 679 999 S.
696 921 842 1013 Andros
854 929 912 1004 lib.
927 949 960 1003 2.
975 935 1028 998 De
1041 925 1182 1018 officiis,
1194 949 1271 1025 cap,
1290 926 1375 1021 ις.)

319 1029 477 1109 Plurima
502 1049 635 1126 genera
658 1024 869 1105 liberalitatis
890 1027 999 1115 sunt,
1023 1049 1099 1105 non
1122 1024 1236 1103 solum
1253 1033 1376 1126 quoti-

319 1132 431 1208 rliano
458 1128 602 1220 sumptu
627 1128 813 1223 egentibus
846 1182 857 1213 ,
884 1146 925 1204 ut
947 1131 1055 1203 viram
1087 1129 1182 1204 suant
1211 1127 1376 1205 sustinere

320 1228 480 1328 possint,
496 1227 704 1322 disponere,
721 1239 763 1304 as
783 1226 975 1326 dispensare
999 1228 1228 1314 alimoniam,
1248 1250 1374 1306 verum

321 1333 431 1422 etiam
450 1327 524 1413 bis,
542 1329 604 1425 qui
621 1328 761 1422 publice
782 1349 887 1424 egere
902 1327 1187 1404 verecundantur
1211 1379 1222 1412 ‚
1243 1327 1374 1403 conso-

322 1432 397 1507 lere
422 1465 435 1516 r
457 1445 500 1505 tc
523 1425 719 1509 subvenire.
748 1424 896 1504 Summa
915 1432 1020 1504 etiarn
1041 1424 1224 1503 liberalitas
1248 1447 1377 1525 captos

323 1530 501 1608 redimere
520 1575 532 1613 ,
549 1529 686 1621 eripere
712 1537 759 1603 eir
786 1527 941 1604 hostium
967 1530 1128 1604 manibus
1144 1581 1155 1611 ,
1174 1526 1376 1604 subtrahere

324 1633 406 1708 treci
431 1624 669 1706 hominem&
688 1630 843 1703 maxime
868 1628 1015 1703 feminas
1040 1627 1275 1726 turpitudini;
1294 1626 1378 1703 red·

325 1731 412 1805 dere
429 1727 785 1826 parentibusliberos
807 1782 817 1814 ‚
843 1744 1004 1820 parentes
1026 1727 1140 1803 libens
1164 1782 1175 1810 ,
1198 1732 1291 1802 cives
1313 1749 1377 1823 pa·
1445 1775 1448 1782 ·

326 1831 405 1906 trias
424 1817 660 1902 restituere..
688 1823 751 1904 AEr
772 1828 925 1903 alienum
941 1827 1073 1912 subire,
1097 1826 1122 1902 st
1143 1824 1284 1902 debitor
1307 1826 1376 1901 sos·

326 1928 449 2005 tendo
467 1923 621 2024 nonsit,
637 1935 744 2023 atque
762 1928 912 2004 ardetur
926 1930 969 2002 ad
987 1926 1201 2026 solutionem
1213 1977 1224 2009 ‚
1236 1948 1315 2027 quae
1333 1925 1375 2003 srt

325 2031 404 2128 iure
430 2025 621 2107 dentem&
645 2029 766 2125 inopia
789 2027 952 2103 destituta
971 2043 982 2108 t
1007 2031 1162 2102 enutrire
1184 2026 1371 2119 parvulos,

328 2125 485 2227 pupillos
509 2126 610 2203 tueri·
637 2125 872 2210 statoriam,
892 2129 1125 2223 quivirgines
1147 2129 1286 2201 orbatas
1313 2150 1375 2221 pa·

328 2227 487 2306 tentibus
506 2223 648 2303 tuendae
678 2226 856 2323 pudicitie
876 2228 989 2322 gratia
1016 2225 1203 2303 connubio
1225 2225 1376 2315 locent,

328 2324 539 2409 nec'solum
561 2326 704 2412 studio,
729 2325 914 2402 sedetiam
941 2325 1084 2418 sumptu
1114 2327 1284 2414 adiuvent
1316 2344 1376 2416 „',‚

328 2429 472 2520 (inquit
497 2433 529 2494 S·
548 2422 690 2516 ambr.)
729 2421 932 2502 Liberalitas
966 2449 1055 2519 ergo
1086 2425 1269 2501 christiana
1293 2435 1381 2502 cnm

329 2526 502 2604 charitate
522 2523 712 2621 conlauda
726 2526 796 2612 est,
816 2549 882 2602 nec
898 2541 1046 2624 propter
1062 2524 1170 2600 finem
1186 2527 1289 2601 solius
1313 2526 1382 2600 ho-

329 2627 495 2705 nestatis,
515 2623 571 2702 led
596 2629 743 2724 propter
765 2623 908 2709 Deum,
930 2638 1077 2724 propter
1103 2624 1211 2702 finem
1233 2624 1383 2702 charira-

332 2733 398 2815 tis,
417 2729 645 2825 maximeque
658 2748 741 2823 erga
753 2749 887 2826 egenos
900 2726 1108 2802 exercenda.
1129 2725 1224 2803 Nam
1238 2722 1384 2819 &apud

333 2825 486 2909 Deum,
509 2827 545 2903 dt
570 2828 615 2902 ad
650 2825 762 2921 ipsum
795 2849 944 2925 quoque
979 2827 1082 2904 seculi
1107 2827 1206 2904 usum
1238 2827 1385 2903 collatio

333 2925 497 3003 beneficii
526 2925 610 3001 saiia
630 2927 665 2999 in
689 2948 858 3022 pauperet
883 2931 994 3021 magis
1010 2971 1019 3002 2
1037 2949 1144 3022 quam
1165 2930 1199 3000 iu
1224 2925 1386 3010 locuple·

335 3043 390 3103 tes
417 3027 498 3122 plus
521 3029 644 3120 juvat3
674 3032 754 3120 quia
787 3026 883 3102 dives
913 3029 1124 3120 dedignatur
1147 3027 1384 3110 beneficium,

336 3134 375 3203 dt
398 3127 511 3226 pudet
542 3148 624 3200 eum
654 3125 853 3200 debitorem
884 3123 951 3202 esse
980 3129 1109 3220 gratia.
1153 3127 1256 3220 Quin
1282 3131 1389 3200 etiam

332 3220 399 3303 id.
428 3223 528 3323 quod
559 3224 729 3301 collatum
757 3226 805 3300 est
833 3225 928 3310 sibi.
961 3229 1092 3298 meritis
1129 3223 1194 3301 suis
1224 3241 1388 3321 arrogat.

338 3325 442 3424 quod
463 3325 558 3401 velut
575 3324 734 3400 debiturn
747 3329 941 3421 acceperit,
963 3325 1016 3398 vel
1038 3326 1119 3398 ideo
1133 3326 1254 3400 datum
1269 3322 1329 3406 stt,
1343 3345 1390 3401 eo

338 3425 444 3523 quod
463 3428 516 3510 is.
539 3429 600 3516 qui
623 3424 744 3508 dedit,
767 3424 987 3500 reddendum
1010 3422 1105 3499 libia
1128 3426 1233 3500 divite
1248 3426 1388 3499 uberius

339 3525 600 3600 existimaverit
640 3523 690 3599 lta
711 3528 746 3598 in
769 3525 977 3620 accipiendo
1001 3524 1196 3612 beneficio,
1219 3548 1264 3599 eo
1289 3524 1386 3621 ips0,

341 3624 446 3725 quod
468 3626 668 3722 acceperint
687 3623 831 3707 divites,
849 3620 979 3699 dedisse
992 3624 1024 3698 se
1045 3628 1175 3716 magis,
1200 3647 1306 3722 quam
1331 3646 1389 3699 ac*

339 3720 470 3821 cepisse
496 3726 695 3800 existimant
719 3748 730 3816 3
758 3746 893 3822 pauper
913 3746 1026 3809 vero,
1053 3722 1112 3797 erfi
1151 3747 1227 3800 non
1258 3723 1390 3808 habet,

284 3876 292 3893 .
341 3826 441 3901 unde
469 3824 593 3899 reddat
612 3825 828 3919 pecuniam.
852 3824 958 3900 resert
977 3825 1144 3921 gratiam3
1167 3840 1208 3900 ut
1233 3821 1395 3896 observat

342 3931 378 3994 s.
393 3920 511 3994 Ambr.
531 3923 590 4002 lib.
604 3942 639 3996 a·
670 3929 724 3994 De
745 3920 890 4010 Officiis,
916 3947 992 4020 cap.
1007 3945 1065 4013 25.
1094 3922 1287 3999 Christiana
1308 3919 1395 3993 libe·

344 4024 462 4100 talitas
479 4023 523 4099 ab
544 4010 645 4098 omni
663 4022 821 4117 jaslautia
841 4023 951 4099 aliena
977 4021 1044 4098 esse
1070 4022 1187 4098 debet·
1213 4016 1290 4109 Qui
1310 4019 1394 4113 glo·-

342 4128 402 4202 tiae
430 4124 556 4200 causa.
576 4145 650 4197 non
673 4137 820 4220 propter
846 4126 984 4201 bouum
1010 4125 1168 4206 virtutis,
1195 4121 1304 4192 multa
1328 4121 1394 4191 lar-

345 4228 461 4320 gitur,
480 4223 621 4297 nonest
643 4221 891 4299 vereliberalis.
920 4278 942 4313 „
959 4278 981 4314 ,‚
1009 4221 1089 4298 Nec
1104 4220 1157 4294 illa
1176 4217 1322 4316 perseila
1344 4218 1394 4291 est

344 4321 527 4399 liberalitas
540 4327 557 4417 (
567 4324 675 4418 inquit
692 4328 725 4403 S.
740 4319 855 4395 Ambr.
872 4322 929 4397 lib.
945 4336 978 4402 1.
1004 4326 1055 4394 De
1067 4314 1208 4408 Officiir,
1224 4340 1299 4410 cap.
1312 4314 1400 4409 30.)

349 4422 562 4516 ujauannae
586 4420 684 4499 causa
717 4428 855 4521 magis,
875 4445 982 4519 quam
1005 4419 1248 4498 misericordia
1275 4422 1399 4510 largia-

344 4526 406 4602 ris.
436 4517 591 4598 Affertur
613 4541 697 4599 tuus
721 4546 856 4602 nomen
879 4525 1035 4615 imponit
1061 4526 1161 4619 operi
1180 4539 1277 4609 tu0;
1305 4541 1399 4613 quo·

391 4619 490 4694 Tem·
515 4621 548 4697 V
558 4623 652 4696 111.
760 4665 761 4668 κ
891 4620 931 4705 D
1220 4618 1337 4697 modo
