3792 5375
418 4162 425 4183 ‚
553 4083 682 4173 usuras.

466 631 472 649 Ι
533 558 639 636 610
730 533 890 666 Theol,
907 534 1024 646 Dog,
1054 531 1098 622 tle
1113 522 1264 624 illotas.
1285 527 1381 622 lib.
1408 529 1468 626 V·

548 707 735 792 obsttislus
763 703 997 785 milliorum
1029 726 1143 803 porto
1174 703 1461 799 juramentoiut‘ir'
1482 697 1610 782 solutio

548 814 612 891 iani
636 806 799 886 Pontifici
816 829 970 882 romano
984 811 1152 880 reservata
1173 804 1416 903 ell‚quorum
1441 808 1610 883 materia·

549 912 577 989 st
603 908 687 989 Deo
709 919 923 986 roveretum
946 922 1032 981 vota
1053 900 1164 980 essent
1179 904 1264 984 sedi
1286 903 1491 999 apostolicae
1506 904 1614 981 reser-

550 1027 660 1090 vatae
683 1008 847 1086 videlicet
872 1007 918 1080 de
949 1007 1105 1081 castitate
1132 1003 1325 1086 servanda,
1353 1004 1411 1078 de·
1430 1006 1615 1098 religionit

553 1102 733 1206 ingressu,
757 1109 803 1183 de
824 1107 1109 1203 peregrinatione
1133 1101 1477 1202 Hierosolymita'na,
1504 1102 1550 1178 ad
1573 1102 1616 1178 ii-

553 1215 651 1287 mina
675 1206 959 1306 Apostolorum,
981 1201 1038 1278 vel
1055 1202 1100 1279 ad
1132 1203 1167 1284 8.
1182 1198 1308 1297 Jacobi
1330 1196 1616 1299 compostellani.-

553 1306 645 1387 ltem
674 1312 709 1383 in
742 1307 948 1402 juramentis
977 1301 1078 1400 supet
1112 1303 1244 1378 liatut'u
1279 1299 1543 1389 Ecclesiarum,
1573 1302 1613 1378 dt

554 1406 826 1488 Academiarum
851 1452 861 1479 2
889 1421 952 1480 aut
973 1424 1053 1497 quae
1081 1403 1263 1476 bonorum
1288 1400 1613 1479 ecclesiasticorum·

557 1507 850 1600 dispensationem
877 1503 1192 1580 extraordinariam
1218 1499 1469 1595 spetiant,vel
1490 1511 1615 1599 qu'ael

557 1602 741 1702 Regibus,
767 1602 986 1696 Principibus
1013 1606 1121 1684 ritis,
1148 1602 1183 1674 rr
1215 1599 1243 1677 E
1271 1600 1396 1696 iscopit
1419 1599 1534 1685 siunt,
1558 1597 1614 1676 vel

555 1709 604 1782 de
618 1697 725 1782 tebus’
745 1706 900 1780 maxime
915 1701 1031 1794 arduis
1058 1700 1136 1776 sunt
1153 1707 1221 1774 enti
1282 1754 1294 1786 ,
1321 1700 1615 1797 dispensationem

557 1829 578 1881 a
606 1802 747 1880 summo'
771 1801 945 1879 duntaxat
969 1798 1142 1878 Pontiflce
1173 1800 1338 1895 pullulari
1368 1815 1447 1878 mor
1472 1801 1535 1876 est.
1572 1798 1614 1876 lu

557 1907 692 1980 caetetir
707 1897 897 1997 dispensare
913 1895 1057 1998 possunt
1075 1896 1257 1996 Episcopi,
1280 1919 1340 1977 aut
1356 1900 1414 1985 id,
1463 1899 1538 1978 uod
1557 1900 1615 1995 ju·

557 2017 675 2080 tatum
702 2001 751 2078 eli
775 2044 786 2078 2
807 2003 842 2077 in
864 2000 988 2076 melius
1014 2017 1261 2091 commutate,
1289 2002 1325 2075 in
1352 1999 1417 2076 suis
1436 1923 1615 2076 duntaxat

556 2099 812 2191 Dioeceliburr
835 2120 1003 2176 romanor
1028 2094 1194 2175 Pontifex
1228 2102 1263 2174 in
1294 2112 1377 2176 toto
1408 2103 1498 2177 orbe
1521 2099 1615 2174 chri·

556 2198 699 2285 iliano,
709 2223 794 2277 cum
808 2199 1064 2294 plenitudinem
1079 2196 1204 2275 habeat
1216 2199 1396 2296 potestatis
1412 2247 1422 2282 ‚
1441 2198 1510 2276 live
1521 2199 1614 2276 sunt·

555 2322 654 2377 nram
676 2303 713 2375 in
738 2312 814 2373 tota
840 2296 989 2376 Ecclesia
1014 2296 1173 2395 ligandi.
1208 2300 1436 2395 solvendique
1455 2301 1611 2399 potesla-

559 2405 656 2476 tem‚
678 2412 718 2475 ut
736 2396 845 2473 docet
861 2396 1016 2467 usnam.
1030 2413 1108 2469 2.2·
1129 2421 1191 2494 qu.
1204 2409 1264 2483 89·
1281 2416 1345 2474 art.
1357 2419 1393 2487 9.
1413 2403 1448 2475 in
1466 2399 1612 2496 respon·

557 2495 658 2574 sione
678 2496 723 2573 ad
746 2500 883 2572 tertiam
910 2497 1161 2590 obiesiiouem.
1184 2553 1206 2586 ,‚
1226 2555 1248 2590 ,‚
1276 2497 1510 2594 Quandoque
1528 2496 1610 2595 (in.

556 2598 631 2692 quit
645 2592 663 2679 )
688 2594 751 2672 sub
775 2598 977 2690 juramento
1003 2598 1224 2693 promittitur
1248 2597 1412 2696 aliquid,
1435 2600 1536 2695 quud
1562 2599 1612 2676 ert

558 2695 739 2773 manifeste
762 2697 919 2780 licitum,
937 2697 973 2771 de
994 2695 1103 2779 utiler'
1125 2699 1159 2771 dr
1182 2700 1218 2772 sn
1237 2700 1296 2774 tali
1316 2701 1518 2795 iuramento
1535 2724 1611 2777 nou

557 2793 700 2872 videtur
726 2795 852 2871 habere
872 2797 994 2872 locum
1015 2794 1241 2889 dispensatio,
1265 2801 1318 2874 vel
1345 2805 1608 2887 commutatio,

556 2895 621 2973 nili
654 2896 785 2992 aliquid
813 2896 935 2972 melius
960 2914 1124 2972 occurrat
1148 2898 1191 2973 ad
1218 2920 1450 2975 communem
1478 2903 1610 2978 utilita-

558 3009 634 3072 tem
653 2994 880 3084 faciendum3
907 2995 1007 3092 quod
1031 3000 1184 3072 maxime
1208 3000 1345 3075 videtur
1369 3003 1542 3095 pertinere
1564 2998 1609 3075 ad

558 3095 770 3192 potestatem
798 3091 898 3190 l'apae
915 3149 925 3180 ,
945 3097 1007 3189 qui
1042 3093 1147 3172 habet
1168 3104 1291 3173 curant
1323 3100 1518 3176 uniuersalis
1545 3097 1610 3177 Ec·

556 3190 693 3279 eseliae,
713 3194 767 3269 vel
792 3196 896 3267 etiam
917 3196 1073 3271 absoluta
1091 3197 1259 3272 relaxatio
1279 3245 1288 3274 n
1310 3200 1410 3294 quod
1436 3202 1543 3277 etiam
1564 3199 1609 3276 ad

554 3281 691 3388 Papam
702 3294 852 3386 pertinet
874 3296 911 3366 in
937 3298 1105 3370 omnibus
1130 3297 1363 3391 generaliter,
1387 3322 1465 3395 quae
1492 3299 1535 3374 ad
1558 3302 1611 3375 di·

556 3391 811 3481 spensationem
847 3413 965 3468 retunt
992 3393 1295 3483 ecclesiasticarum
1328 3404 1528 3491 pertinent,
1557 3398 1576 3475 s
1599 3443 1613 3463 ·

555 3510 620 3588 per
644 3513 730 3586 quas
756 3492 861 3588 ltabet
888 3492 1142 3585 plenitudinem
1167 3496 1345 3591 potestatis
1372 3541 1445 3589 ,n,‚.

604 3585 709 3665 Hanc
728 3586 903 3684 Regulam
924 3589 1112 3668 confirmat
1128 3599 1159 3661 S.
1173 3601 1360 3664 Antoninus
1377 3596 1410 3672 Ρ.
1425 3611 1458 3668 2·
1478 3599 1531 3674 tit.
1549 3615 1610 3668 10.

556 3696 680 3780 caps.
700 3740 756 3780 „‚,
785 3688 821 3764 Si
836 3685 947 3767 subest
961 3692 1046 3785 justa
1067 3691 1164 3768 causa
1183 3692 1203 3782 (
1213 3695 1349 3788 inquit)
1371 3696 1461 3792 Papa
1492 3699 1611 3794 potest

555 3785 755 3870 absolvere,
778 3807 817 3864 ut
837 3791 873 3863 sn
897 3812 938 3864 ca
964 3832 975 3856 ι
998 3794 1033 3859 St·
1053 3814 1162 3877 vero,
1190 3792 1270 3871 sut.
1301 3802 1355 3867 De
1378 3797 1610 3889 jurejurando.

553 3881 601 3963 Et
621 3887 669 3961 est
685 3887 777 3979 justa
794 3886 907 3966 causa,
931 3814 963 3964 sj
974 3892 1228 3986 turpitudinem
1245 3900 1406 3972 continet
1428 3900 1609 3991 juramen·

553 3999 698 4061 tumere
713 4001 823 4162 gatte
847 3990 1070 4080 recipientis,
1090 4010 1174 4084 puta
1201 4049 1210 4077 ,
1238 3993 1262 4069 li
1286 3999 1451 4088 juraverit
1472 3997 1608 4075 solvere

739 4086 767 4161 st
793 4087 896 4160 etiam
916 4087 1004 4182 iussa
1036 4091 1133 4167 causa
1147 4142 1157 4175 2
1172 4115 1319 4189 propter
1340 4095 1539 4173 scandalum
1555 4102 1605 4173 vi·

552 4185 724 4259 tandum,
745 4200 785 4261 ut
801 4204 904 4262 notat
923 4185 1043 4265 Glosla
1063 4188 1262 4271 innocentii
1282 4221 1292 4286 ;
1315 4197 1369 4270 rel
1392 4200 1498 4272 etiarn
1523 4221 1610 4275 cum

551 4285 669 4375 major
686 4284 816 4361 utilitas
835 4289 997 4365 imminet
1011 4293 1048 4365 in
1067 4298 1373 4380 commutatione,
1391 4296 1479 4373 sicut
1501 4301 1611 4376 etiam

549 4381 683 4457 dicitur
705 4385 751 4456 de
772 4399 874 4465 voto.
904 4386 947 4471 Et
970 4410 1043 4465 non
1058 4393 1170 4468 solum
1197 4394 1288 4491 Papa
1314 4398 1348 4469 in
1374 4395 1426 4470 hir
1449 4397 1611 4485 casibus,

546 4474 724 4563 sedetiam
741 4479 938 4586 Episcopus
948 4495 1086 4589 poterit
1099 4491 1278 4575 absolvere
1292 4548 1305 4587 ,
1319 4493 1458 4579 sicut&
1481 4515 1612 4579 votum

1443 4616 1552 4677 com·
