3792 5375
563 542 645 624 532
704 507 860 612 Theol·
885 511 999 624 θος.
1028 503 1249 606 antoni
1277 509 1378 608 tan.
1396 505 1484 608 iv.

560 691 708 766 nitatem
727 707 826 782 aegro
844 705 890 759 ex
916 680 1093 770 maleficio
1117 683 1357 782 pollicentur,
1382 679 1614 778 respondent,

562 787 641 870 satis
658 784 745 874 effe.
762 801 801 862 ut
819 808 838 858 a
857 781 1049 866 Sacerdote
1062 785 1259 880 applicetur
1276 837 1285 866 .
1308 779 1334 857 si
1351 805 1477 860 revera
1488 781 1615 888 samum

562 885 633 970 fit,
653 888 690 961 δι
721 888 765 960 ab
795 881 942 961 Ecclesia
965 884 1190 982 probatumr
1216 881 1243 960 fi
1269 882 1412 968 dicant,
1433 906 1514 958 non
1537 907 1620 980 pro.

562 983 747 1070 sutorum,
778 981 841 1059 nisi
866 980 930 1079 ipsi
952 983 1200 1069 adhibuerint,
1222 983 1395 1062 indicium
1413 983 1466 1059 est
1487 983 1619 1060 adhibi·

559 1098 663 1162 turos
678 1108 722 1160 cx
740 1082 843 1180 pasto
861 1100 1057 1160 convento·
1084 1083 1175 1168 iilud
1198 1082 1540 1183 itaqucchristianut
1568 1106 1620 1160 re·

549 1185 720 1282 pooiet,
751 1206 793 1259 ac
816 1184 972 1278 rejiciatz
1002 1207 1042 1259 ea
1068 1203 1188 1264 autent
1220 1187 1390 1260 cautione
1425 1204 1476 1258 eo
1508 1186 1620 1280 mag'o

548 1306 657 1381 ¹opus
681 1286 751 1369 est,
780 1282 879 1380 quod
909 1282 1078 1373 malefici,
1099 1302 1141 1366 nt
1159 1282 1375 1380 plurimum,
1400 1279 1484 1360 sunt
1502 1279 1620 1374 honri·

564 1407 628 1459 nea
648 1383 788 1464 idiota,
811 1385 875 1481 qui
893 1381 957 1461 alia
973 1405 1082 1478 quam
1101 1380 1332 1484 superstitiosa
1347 1384 1503 1462 remedia
1516 1387 1620 1482 igno·

563 1497 654 1562 rant.

791 1634 1121 1762 nnonrn
1170 1631 1393 1726 xxvrr..

565 1794 713 1892 Summa
732 1798 900 1894 cautione
923 1796 956 1902 se
979 1813 1079 1896 gerat
1094 1796 1266 1876 Sacerdos
1288 1800 1327 1878 in
1348 1819 1479 1876 eorum
1511 1791 1623 1878 Abso-

464 1915 481 1922 ·
625 1899 785 1982 lotione,
808 1902 871 2000 qui
892 1898 1144 2006 superstitionis
1163 1913 1309 1998 peccota
1324 1893 1562 1988 confitentur·

383 2078 546 2147 modost
649 2082 720 2158 icet
745 2083 782 2157 in
817 2081 981 2159 omnium
1006 2096 1238 2179 peccatorum
1272 2085 1458 2162 examine.
1483 2079 1523 2158 ἀ
1552 2077 1623 2158 Ab·

310 2231 313 2240 ·
365 2159 519 2298 {muns
579 2241 585 2252 ·
659 2182 834 2267 s0¹11ti⁰t¹e
855 2184 1010 2276 maxima
1033 2181 1075 2259 fit
1100 2182 1285 2280 prudentia
1321 2177 1536 2262 contetl'mo
1560 2203 1622 2258 ne-

319 2369 322 2378 .
365 2309 530 2376 nbtotutio.
565 2277 729 2389 cessaria,
753 2298 830 2360 tum
846 2283 1001 2381 maxime
1028 2280 1191 2377 singulari
1215 2304 1307 2378 oput
1328 2280 1402 2366 est.
1425 2303 1512 2357 cnm
1525 2277 1623 2378 apud

366 2383 544 2546 tantu
566 2381 680 2555 titt
696 2377 1625 2567 urettritttrititttitit‘tt

367 2557 552 2694 ἓξὲξῖἓωῐ,
567 2503 666 2680 ἓῑιυω
698 2503 899 2677 congressum
925 2577 1086 2662 habuerit
1103 2503 1403 2678 ¹sitirnitensqcum
1432 2502 1625 2668 damoise,

567 2677 752 2777 ipsumque
774 2683 1015 2769 invocaverim
1044 2679 1080 2756 St
1104 2697 1224 2758 utrum
1252 2683 1287 2756 in
1308 2678 1374 2757 isto
1394 2679 1489 2758 diuo
1512 2683 1626 2757 intet-

566 2777 702 2857 cesserit
725 2802 823 2854 error
843 2779 966 2871 aliquis
987 2800 1113 2857 contra
1139 2781 1267 2861 fidem,
1292 2781 1456 2858 videlicet
1477 2803 1525 2856 an
1547 2803 1624 2858 cre·

567 2880 697 2957 diderit
716 2878 963 2960 Sacramenta,
981 2882 1108 2977 quihus
1132 2880 1225 2957 sorte
1254 2879 1299 2959 ad
1329 2884 1484 2974 magicas
1503 2895 1622 2961 atter.

569 2996 630 3063 aut
658 2977 823 3065 maleficta
843 2980 967 3079 abusus
994 2980 1065 3067 cst,
1089 3004 1164 3075 pon
1184 2976 1251 3061 csse
1274 2979 1410 3072 santia3
1437 2981 1623 3068 demoni.

570 3074 629 3155 c'ui
656 3078 688 3155 se
713 3083 873 3172 devoyit-
900 3079 1053 3176 aliquam
1083 3084 1312 3156 reverentiam
1340 3080 1491 3174 deberi3
1522 3079 1623 3157 iilum

570 3176 699 3257 habere
721 3179 929 3276 potestatem
954 3183 989 3269 in
1012 3179 1204 3269 hommum
1227 3180 1479 3265 voluntatem,
1507 3180 1564 3255 vel
1584 3182 1622 3256 in

571 3302 626 3359 res
650 3280 755 3366 alias,
777 3278 840 3357 niti
864 3276 963 3356 Deus
988 3282 1191 3371 permiserit.
1222 3280 1259 3367 si
1273 3280 1374 3360 haec,
1395 3295 1455 3355 aut
1475 3277 1541 3355 alia
1555 3279 1626 3358 hu·

571 3366 724 3477 jusmodi
754 3377 939 3468 catholice
976 3378 1057 3469 fidei
1083 3378 1222 3461 adversa
1256 3379 1471 3466 crediderit,
1498 3379 1624 3475 hisque

573 3480 752 3575 erroribus
778 3474 1000 3574 pertinaciter
1028 3478 1238 3573 adsraeserita
1274 3502 1358 3567 cum
1378 3500 1423 3554 eo
1442 3500 1511 3557 ceu
1537 3502 1624 3559 cum

573 3564 742 3652 haerctico
763 3577 942 3673 agendum
962 3577 1043 3665 est,
1074 3577 1216 3672 ejusque
1243 3577 1418 3654 absolutio
1444 3575 1625 3675 Episcopo

573 3675 812 3859 {feriamini}
826 3693 865 3759 ut
885 3677 930 3756 de
960 3678 1130 3779 hereticip
1153 3680 1191 3779 in
1214 3675 1383 3782 Concilio
1404 3674 1625 3763 Tridentino

606 3793 825 3855 atutume.
1563 3810 1576 3833 ·

582 3878 585 3886 '
626 3875 816 3960 Secundo,
832 3875 1011 3971 inquirere
1023 3873 1130 3963 debet
1149 3874 1623 3968 confessarius‚ntrumilie.

577 3977 638 4071 qui
667 3976 810 4069 magicis
831 3976 961 4049 artibus
975 3973 1116 4060 deditus
1129 3977 1198 4064 est,
1214 3995 1276 4065 aut
1289 3976 1468 4065 maleficiis
1483 4032 1494 4061 ,
1509 3978 1628 4076 aliisve

573 4075 870 4173 superstitionibus
897 4072 1192 4171 contaminatur.
1214 4079 1251 4154 ἃ
1273 4077 1413 4174 pastum
1440 4080 1518 4155 iniit
1541 4102 1626 4161 cunr

573 4178 756 4255 daenrone.
784 4173 960 4271 Baptismo
975 4219 984 4249 a
1002 4173 1171 4272 Fideique
1184 4177 1218 4269 se
1242 4177 1628 4271 renuntiareprosessut

573 4275 615 4363 sit
633 4274 791 4352 ttheduta
810 4275 871 4353 suo
887 4275 1053 4372 sanguine
1069 4325 1081 4359 ,
1097 4278 1242 4369 autolio
1255 4275 1386 4371 quovis
1406 4276 1524 4369 modo
1548 4278 1629 4357 sub·

572 4378 696 4469 scripta
708 4402 718 4465 ;
728 4379 827 4471 quod
843 4376 866 4452 sr
882 4377 1007 4473 fecerit
1018 4430 1029 4461 ,
1042 4377 1223 4477 obligatus¹
1236 4372 1344 4461 ested
1358 4378 1629 4471 revocandum.
1663 4386 1665 4391 ’

570 4468 908 4583 arcuatum
926 4480 1105 4591 anm
1400 4470 1626 4653 Ψ,
