3792 5375
646 1356 983 1425 Christianae

646 1437 912 1500 comitati

1051 590 1185 720 ‘50‘-
1400 589 1710 694 Theol.
1743 592 1977 710 Dog.
2008 594 2093 687 δι
2149 589 2448 687 moral.
2512 589 2702 713 Lib.
2749 595 2905 691 1112
3153 719 3161 727 ι

1049 776 1190 844 tur·
1213 814 1234 839 .
1257 822 1273 843 .
1332 764 1509 846 Ideo
1552 766 1789 846 David
1831 792 1983 844 non
2013 766 2271 843 cecidit
2297 821 2318 851 ‚
2351 770 2513 864 quia
2544 769 2796 847 charus
2836 773 2969 850 fuit
3001 777 3162 852 om'·

1050 870 1263 945 nibus
1294 914 1317 950 ‚
1363 869 1436 946 &
1480 870 1677 966 diligi
1731 894 1772 944 a
1814 863 2129 960 subjectis
2177 890 2396 963 quarn
2441 872 2667 945 timeri
2720 874 2981 949 maluit.
3031 874 3162 951 Ti-

1050 989 1221 1045 mor
1265 972 1455 1046 euim
1501 968 1910 1066 temporalis
1956 970 2322 1044 tutaminis
2365 967 2585 1045 iervat
2608 976 2987 1061 excubias,
3035 998 3166 1049 ne..

1048 1068 1177 1146 scit
1222 1068 1701 1147 diuturnitatis
1764 1069 2188 1145 custodiam·
2257 1066 2504 1161 ltaque
2556 1073 2675 1147 ubi
2767 1078 2985 1153 timor
3038 1076 3162 1150 de-

1049 1166 1323 1247 cesserit
1350 1218 1367 1246 ‚
1398 1169 1685 1246 audacia
1716 1169 2002 1265 obrepit
2030 1211 2053 1247 ‚
2095 1171 2439 1264 quoniam
2482 1166 2700 1248 fidem
2742 1197 2892 1251 non
2937 1179 3157 1254 timot

1049 1274 1292 1366 cogit.
1333 1268 1446 1345 sed
1475 1267 1761 1348 affectus
1806 1270 2098 1346 exhibet
2143 1321 2275 1360 „„.

1149 1371 1470 1447 Comitas
1502 1370 1855 1449 ,amicitias
1897 1369 2108 1446 nestit
2145 1417 2168 1451 ‚
2201 1392 2286 1444 ac
2332 1369 2576 1459 fovet,
2615 1393 2851 1467 neque
2909 1389 3161 1458 tamen
3247 1453 3252 1458 .

636 1534 763 1575 non
794 1514 986 1575 minus
1047 1474 1329 1552 amico,
1360 1487 1485 1548 aut
1531 1469 1820 1545 cuilibet
1876 1468 2258 1544 hominum
2319 1474 2426 1546 vir
2483 1470 2851 1549 christiana
2918 1481 3160 1556 comi..

638 1588 971 1725 agvlerratut
1049 1585 1192 1646 tate
1252 1572 1588 1667 praeditus
1627 1569 1977 1645 adulatur.
2049 1571 2242 1649 Huic
2280 1573 2469 1646 enim
2518 1575 2756 1647 virtuti
2807 1597 2959 1651 non
3015 1580 3154 1654 mi.

633 1684 666 1727 8
714 1687 747 1725 u
776 1681 930 1735 atu),

628 1759 977 1885 ἓέἓὲὶᾶωὓθ

1048 1694 1180 1748 nus
1214 1668 1613 1747 adversatur
1674 1668 2036 1746 adulatio,
2079 1691 2294 1767 quam
2352 1672 2768 1756 morositas.
2824 1675 2897 1749 &
2944 1678 3150 1755 rusti..

1045 1773 1244 1853 citas.
1277 1767 1645 1850 Errantem
1664 1774 1976 1846 amicum
2005 1773 2401 1868 corripere,
2431 1771 2782 1849 charitatis
2808 1774 2909 1851 est
2932 1831 2954 1860 ‚
2987 1795 3148 1857 nou

1041 1870 1498 1950 morositatis·
1531 1925 1641 1962 „,‚
1697 1869 1875 1946 Non
1915 1871 2148 1964 potest
2185 1869 2470 1947 homini
2494 1875 2764 1949 amicus
2808 1872 2942 1951 effe
2967 1922 2987 1954 ,
3017 1882 3146 1973 qui
3193 1957 3200 1964 ,

1038 1968 1216 2052 Deo
1274 1970 1488 2050 fuerit
1530 1969 1786 2047 infidus
1887 1967 2166 2045 Pietatis
2230 1972 2467 2048 custos
2510 1974 2814 2051 amicitia
2868 1975 3015 2055 est,
3064 1979 3142 2055 Sc

1037 2070 1448 2168 aequalitatis
1493 2071 1860 2167 magistra.
1906 2085 1985 2147 ut
2015 2067 2328 2165 superior
2360 2072 2674 2150 inferiori
2713 2071 2779 2149 se
2807 2074 3141 2155 exhibeat

1035 2173 1432 2270 aequalem3
1469 2172 1754 2247 inserior
1780 2167 2139 2263 superiori.
2197 2168 2384 2246 inter
2415 2171 2710 2269 dispares
2736 2178 2929 2251 enim
2976 2201 3140 2254 mo-

1037 2295 1151 2348 res
1187 2295 1341 2347 non
1395 2271 1627 2369 potest
1677 2265 1814 2345 effe
1852 2273 2204 2352 amicitia?
2250 2272 2322 2345 δι
2373 2270 2538 2347 ideo
2589 2278 2975 2350 convenire
3014 2276 3140 2355 fibi

1037 2370 1402 2469 utriusque
1456 2371 1667 2446 debet
1706 2372 1954 2465 gratia.
2003 2367 2165 2445 Nec
2208 2369 2580 2448 auctoritas
2636 2372 2810 2448 defit
2848 2374 3141 2455 inferio-

1037 2472 1103 2548 ri
1133 2519 1156 2554 ,
1200 2468 1255 2548 fi
1308 2494 1417 2546 res
1466 2468 1919 2568 poposcerit,
1982 2493 2116 2545 nec
2162 2468 2516 2546 humilitas
2573 2470 2936 2567 superiori-5
2985 2479 3135 2555 Au-

1041 2570 1192 2648 diat
1238 2569 1429 2670 quali
1477 2593 1758 2668 parem.
1792 2565 1985 2660 quasi
2022 2568 2408 2668 aequalem3
2451 2571 2525 2645 ἀ
2565 2570 2678 2647 ille
2730 2574 2921 2668 quasi
2955 2579 3133 2653 ami-

1035 2692 1167 2749 cus
1222 2684 1517 2748 moneat
1553 2725 1576 2758 ,
1629 2670 2025 2766 obiurget,
2077 2692 2230 2746 non
2278 2670 2618 2764 iactantiae
2673 2671 2962 2764 studio,
3008 2676 3129 2756 sed

1034 2765 1290 2852 auton
1340 2768 1725 2849 charitati&
1780 2767 2042 2864 Neque
2088 2773 2400 2848 monitio
2448 2770 2679 2869 aspera
2729 2772 2851 2861 fit,
2892 2801 3137 2877 neque

1030 2874 1447 2971 objurgatio
1495 2868 2055 2961 contumeliosa3
2097 2867 2276 2946 ficut
2312 2874 2503 2946 enim
2556 2872 2975 2954 adulationis
3017 2880 3130 2957 fu·-

1031 2977 1271 3072 gitans
1311 2973 1613 3049 amicitia
1650 2969 1863 3047 debet
1921 2963 2055 3045 effe
2087 3023 2109 3056 ,
2161 2972 2256 3046 ita
2304 2974 2514 3047 etiam
2566 2972 2786 3051 aliena
2824 2978 3130 3056 insolen-

872 3102 876 3106 ·
918 3104 923 3109 ·
1028 3078 1250 3154 tia...
1308 3072 1513 3168 Quid
1564 3071 1663 3148 est
1706 3074 1901 3146 enim
1943 3071 2211 3146 amicus
2239 3124 2261 3156 ,
2289 3069 2413 3148 nisi
2473 3073 2764 3150 consors
2814 3082 3126 3170 amoris,

1025 3173 1118 3250 ad
1170 3196 1385 3272 quem
1424 3173 1743 3250 animum
1784 3185 1992 3248 tuum
2053 3169 2393 3268 adjungas
2426 3225 2447 3256 ,
2498 3188 2711 3268 atque
2762 3177 3074 3276 applices
3108 3230 3138 3267 .

1022 3275 1103 3349 ἃ
1140 3274 1234 3349 ita
1283 3273 1604 3391 misceas3
1635 3287 1713 3387 ut
1747 3294 1976 3387 uuum
2018 3271 2185 3385 velis
2224 3268 2368 3348 fieri
2402 3294 2493 3346 ex
2534 3273 2818 3387 duobus
2841 3325 2871 3391 ’.
2900 3281 3016 3354 cui
3051 3294 3133 3357 te
