3792 5375
444 547 516 690 De
539 551 679 667 primo
698 547 905 664 Deculogi
929 556 1157 670 praeceptol
1268 549 1362 665 'ord

290 727 415 806 morte
434 723 524 802 illius
552 722 799 800 intercessione
814 723 960 802 liberare
983 725 1162 826 dignetur·
1187 720 1273 807 Hoc
1292 753 1356 828 pa.

293 832 355 905 sio
379 828 456 922 ibes
488 825 640 902 sanitatis
676 825 937 922 consequenda
965 830 1104 902 nonin
1131 833 1162 903 S.
1183 831 1368 920 strithem:

292 927 353 1004 sed
379 931 415 1002 in
440 923 620 1004 Christum
647 927 862 1020 conjicienti
879 928 989 1020 idque
1020 925 1123 1014 fide,-
1146 950 1209 1023 per
1231 949 1355 1006 recor.

293 1029 478 1103 ditionem
498 1023 775 1105 miraculorum.
793 1023 1039 1102 intercessione
1059 1029 1245 1108 sssoiln'a
1266 1027 1354 1108 Deo

293 1127 477 1204 editorum
496 1181 508 1213 ,
529 1125 695 1202 excitata·
731 1124 791 1201 Sic
810 1129 847 1201 iii
871 1125 1025 1206 Historia
1049 1123 1087 1204 S·
1099 1128 1245 1224 Agnetis
1271 1129 1355 1207 Vir·

291 1232 384 1326 ginis
401 1279 407 1294 .
434 1228 473 1302 da
502 1226 697 1323 Martyris,
722 1225 826 1318 boiis.
844 1241 877 1296 1.
900 1229 994 1302 inter
1013 1249 1090 1314 eas,
1108 1249 1188 1327 quae
1205 1249 1251 1306 eir
1266 1235 1355 1308 slin-¹

291 1327 533 1404 brosianarum
563 1347 716 1400 numero
738 1323 927 1422 segregata
950 1379 961 1411 ,
989 1325 1024 1399 de
1050 1330 1085 1400 iri
1112 1333 1351 1426 appendicem

291 1431 430 1524 rejetlae
459 1427 540 1503 sunt
571 1429 606 1499 iii
629 1425 787 1498 editione
812 1427 989 1522 postrema
1018 1423 1217 1514 Pariliensi,
1249 1429 1355 1506 Cori-

291 1529 418 1608 stantia
440 1525 595 1624 sugusla
618 1525 795 1620 ilgnetem
821 1515 1003 1622 Virginem
1024 1541 1187 1622 precatur
1212 1529 1256 1606 ad
1275 1532 1353 1624 ejus

291 1628 516 1724 sepulcrum,
536 1648 610 1700 non
636 1647 676 1701 ut
697 1625 900 1701 vulneribus
921 1626 987 1703 siiis
1009 1627 1214 1704 medeatur,
1233 1631 1291 1705 sed
1310 1645 1353 1710 ut

292 1752 362 1826 pro
391 1728 424 1803 se
454 1726 549 1822 apud
578 1724 757 1802 Christum
797 1725 974 1819 Sponsum
1003 1722 1101 1802 suum
1141 1730 1351 1808 intercedat.

292 1830 455 1904 Subinde
474 1831 592 1922 slgnes
616 1824 832 1901 Constantia
848 1827 1030 1922 repentina
1051 1827 1163 1902 somni
1182 1826 1351 1906 suavitate

292 1947 469 2026 correpte
488 1926 700 2021 respondet:
721 1980 776 2016 „,‚
805 1926 1019 2000 Constantes
1045 1947 1112 2020 age
1137 1969 1147 2001 ³
1173 1925 1351 2004 Conslan-

292 2032 364 2114 siu,
389 2031 426 2102 δι
447 2027 551 2100 crede
572 2023 776 2100 Dominum
800 2023 918 2120 ,lesum
941 2023 1122 2101 Cbrillum
1141 2024 1252 2102 filium
1276 2027 1352 2108 Des

289 2125 360 2203 esse
384 2131 604 2203 salvatorem
628 2141 764 2212 tuum,
795 2149 984 2222 perquem
1011 2127 1126 2202 modo
1152 2126 1351 2229 conseque.

291 2235 337 2304 ris
359 2227 525 2302 oniniuiii
543 2226 753 2301 vulnerum,
770 2248 849 2318 quae
865 2228 900 2298 in
928 2246 1085 2317 corpore
1106 2241 1173 2303 tuo
1195 2234 1350 2325 pateris,

291 2329 474 2402 sanitatem
499 2370 570 2416 „,‚·
596 2323 683 2399 Non
708 2323 767 2400 sibi
784 2373 795 2406 ‚
815 2323 870 2399 l'ed
896 2321 1066 2402 Domino
1096 2323 1177 2423 Jisu
1206 2329 1349 2407 donum

289 2429 442 2504 sanitatis
473 2431 593 2522 llgnes
623 2426 758 2500 tribuit·
795 2422 840 2501 Et
866 2424 981 2501 subdit
1003 2425 1127 2502 audior
1153 2425 1347 2523 Epistola:

290 2529 535 2624 „Quotquot
563 2526 745 2598 credentes
773 2526 817 2600 ad
850 2528 924 2616 ejus
955 2525 1153 2619 sepulcrum
1191 2528 1349 2604 ailvenis-

291 2677 315 2721 „
329 2634 426 2710 sent,
445 2628 684 2710 lassabantur,
703 2645 918 2725 quacunque
937 2625 1139 2701 infirmitate
1152 2625 1286 2705 detenti
1298 2629 1351 2707 el'-

291 2728 409 2821 „senc
441 2726 558 2821 Quod
584 2728 700 2801 lacere
726 2726 906 2804 Christum
928 2726 1044 2803 nullus
1072 2728 1211 2805 dubitat
1238 2730 1349 2826 usqua

290 2884 315 2921 „
333 2833 368 2903 in
392 2830 609 2903 hodiernum
628 2826 723 2901 diem
747 2880 784 2917 „.
811 2827 869 2901 Sic
883 2850 968 2903 curn
986 2850 1151 2901 oramus,
1169 2847 1350 2923 usquem-

289 2930 493 3003 admodum
531 2924 632 3003 Deus
658 2929 818 3002 animum
850 2927 1054 3020 spolioniae
1090 2924 1274 3023 Virginis,
1308 2932 1352 3005 dc

291 3030 462 3127 Martyris
476 3028 784 3113 coiisi'rmaiiit,ne
810 3024 1023 3102 contusione
1049 3027 1209 3103 densium
1228 3053 1246 3103 a
1264 3027 1349 3104 sides

290 3128 511 3205 consessione
544 3126 734 3217 deliceret;
758 3135 805 3202 ita
846 3125 883 3197 dc
905 3128 1042 3211 nobis,
1072 3150 1155 3201 cum
1181 3128 1348 3204 dentium

289 3232 419 3304 dolore
440 3250 634 3309 vexamur,
661 3232 867 3321 parientiam
894 3227 1047 3306 tribuat,
1063 3226 1197 3322 nosque
1220 3228 1349 3303 corro-

289 3332 421 3418 beret3
448 3352 525 3403 non
557 3324 783 3403 adscribimus
818 3332 850 3399 S.
882 3326 1056 3415 apolonie
1087 3326 1247 3403 dentium
1272 3352 1353 3406 man

288 3435 431 3516 desini,
457 3430 515 3502 led
545 3424 617 3504 Dei
642 3425 917 3501 misericordiam
940 3423 1173 3601 imffloramus
1201 3476 1209 3505 ‚
1243 3431 1351 3523 cujus

288 3532 328 3604 in
363 3529 531 3619 apolonie
562 3528 738 3620 specimen
777 3526 950 3602 exhibuit.
1033 3544 1203 3604 occantur
1227 3530 1349 3624 itaque

289 3632 480 3724 populares
504 3632 621 3702 minus
643 3628 759 3703 doeli:
780 3683 836 3717 „,‚
868 3625 916 3703 Ut
940 3648 1024 3702 cuni
1049 3625 1258 3706 Samiorum
1273 3654 1351 3705 me·

288 3737 423 3803 niurias
448 3728 613 3806 visitant,
639 3727 676 3801 &
703 3750 828 3802 eorum
856 3725 1027 3801 auxilium
1056 3727 1272 3821 imploranti
1304 3751 1351 3807 ac

288 3832 475 3903 christiana
497 3825 753 3902 consuetudine
775 3824 990 3906 Orationem
1017 3826 1237 3903 dominicam
1257 3829 1350 3901 reci-

287 3941 397 4010 tant,
432 3928 650 4022 intelligant,
680 3926 711 4001 se
743 3951 821 4001 eain
857 3951 933 4001 non
958 3927 1002 4000 ad
1031 3924 1197 4011 Sindos,
1218 3926 1275 4001 sed
1302 3923 1353 4001 ad

287 4025 416 4105 Deum
437 4032 615 4123 dirigere,
636 4027 804 4122 adjunelis
836 4024 898 4100 sibi
921 4030 1251 4123 comprecatorilius
1274 4023 1351 4098 san·

289 4130 351 4203 siis
377 4158 466 4218 „,‚,
494 4129 689 4202 Decretum
713 4130 761 4202 ell
789 4125 943 4202 Consilii
971 4124 1227 4201 Cameracensis
1250 4146 1353 4199 anno

293 4226 403 4309 1656.
432 4228 550 4322 Quod
576 4229 611 4300 dr
627 4229 766 4325 populo
788 4228 957 4322 explicari
971 4226 1070 4318 jubet
1087 4225 1273 4300 discrimen
1293 4223 1351 4298 lo·

289 4336 470 4411 nitrionis,
499 4352 569 4424 qua
594 4340 649 4402 usa
670 4329 737 4403 est.
756 4329 790 4400 dr
811 4331 920 4402 utitur
943 4321 1117 4410 Ecclesia,
1140 4348 1223 4400 cum
1244 4327 1352 4398 irivo·
1432 4402 1444 4424 ,

288 4452 391 4505 citur
412 4428 537 4510 Deus,
564 4430 599 4502 di
618 4453 701 4505 cum
727 4431 940 4502 invocantur
968 4424 1106 4517 Samii}
1135 4428 1171 4500 in
1195 4448 1233 4499 ea
1255 4428 1357 4499 enim

288 4530 392 4605 sicile
424 4532 627 4623 perspicitur
663 4530 769 4603 alium
806 4524 874 4602 else
896 4524 1058 4611 cultum,
1079 4529 1142 4624 qui
1162 4524 1373 4603 exhibetut'

300 4630 412 4719 sico,
433 4628 565 4718 alium,
592 4631 654 4730 qui
679 4630 812 4712 sinesii
829 4628 1000 4708 des'eirur.
1204 4624 1239 4706 R
1262 4621 1311 4703 E·
