3792 5375
385 625 391 639 ,
494 555 515 666 Ι·
536 543 626 638 768
716 516 875 624 Theoi.
906 514 1254 635 Druse-Morus.
1281 516 1486 622 univ,

490 784 497 798 x
544 698 775 777 continentiae
793 695 934 772 delicias
956 707 1164 792 appetentes
1182 746 1193 776 ‚
1213 692 1285 786 aliq
1297 693 1486 772 uantulrtm
1518 699 1626 780 nobis

497 801 499 806 ’
543 801 590 887 de
605 816 828 874 terrenorum
847 798 1013 872 cibotum
1036 792 1258 869 abundantia
1282 794 1558 890 subtralrarnus;
1581 805 1628 880 ira

472 907 474 912 '
543 917 586 977 ut
608 895 772 995 proficiet
789 895 1043 995 eleemosynis,
1062 891 1165 988 quod
1187 914 1262 967 non
1286 896 1506 990 impenditur
1522 923 1629 978 men.

544 999 598 1078 sn.
628 995 737 1073 Tunc
761 999 857 1071 enirn
884 998 1033 1072 dentum
1062 995 1105 1069 ad
1126 996 1257 1068 anirnae
1286 997 1509 1071 curationem
1539 1023 1629 1096 prn-

545 1099 622 1176 ficit
643 1100 819 1174 medicina
844 1096 987 1191 jejunii,
1011 1117 1095 1173 cunr
1114 1091 1321 1170 abstinentia
1336 1096 1529 1190 jejunantis
1551 1101 1635 1180 esu·¹

547 1201 636 1276 riern
661 1198 774 1273 reficit
798 1195 993 1291 indigentis
1021 1242 1045 1282 2,
1062 1251 1097 1286 „.

602 1296 639 1381 S.
653 1296 1022 1388 Petrusclnyl'ologus,
1040 1295 1151 1371 Serm.
1166 1309 1202 1381 8.
1226 1349 1253 1381 .,
1269 1350 1290 1387 „
1317 1292 1432 1373 Esurit
1446 1298 1628 1394 jejunium

552 1396 726 1493 (inquit)
753 1397 925 1493 ieiunium
953 1397 1044 1482 sitit,
1063 1396 1166 1490 quod
1195 1419 1270 1471 nnn
1290 1397 1426 1490 pictatis
1451 1400 1536 1474 cibo
1565 1423 1630 1496 pa.

555 1503 689 1582 scitur,
719 1497 818 1593 quod
850 1498 1214 1590 potumisericordiae
1243 1519 1317 1570 non
1341 1501 1485 1592 rigatur.
1516 1499 1627 1597 uiget

561 1601 760 1698 ieiunium,
783 1596 956 1692 jejunium
984 1596 1138 1682 delicit,
1164 1595 1265 1692 quod
1289 1619 1362 1670 non
1386 1599 1625 1700 eleemosyna

564 1700 674 1778 vellus
696 1699 809 1794 tegit,
833 1698 934 1790 quod
960 1719 1035 1773 non
1053 1697 1282 1772 miserationis
1299 1701 1416 1794 operit
1435 1699 1626 1779 vestimen·

559 1817 650 1879 turn·
678 1794 793 1890 Quod
816 1797 865 1874 est
884 1799 983 1874 terris
1000 1820 1087 1882 ver.
1106 1795 1469 1874 immisericordiam
1493 1799 1624 1879 scimus

560 1898 629 1974 else
653 1900 801 1992 ieiunio·
842 1898 943 1974 Sicut
968 1919 1094 1972 vernus
1118 1894 1219 1972 slatus
1246 1912 1323 1971 tnta
1352 1896 1433 1972 sacit
1457 1908 1624 1994 germina

560 1999 689 2076 llorere
706 2021 919 2093 camporum
932 2022 944 2089 ;
957 2000 1003 2072 itu
1017 1995 1254 2071 misericordia
1267 2011 1342 2071 tort
1357 2000 1475 2087 jejunii
1490 2000 1623 2080 semine

561 2100 733 2199 producit
755 2100 790 2173 in
818 2096 978 2183 florent,
999 2097 1035 2172 in
1061 2096 1242 2172 coelestem
1270 2093 1413 2171 messem
1434 2115 1552 2176 totum
1572 2105 1625 2196 je.

561 2203 649 2297 junii
672 2198 756 2275 sacit
777 2195 987 2275 fructificare
1013 2198 1192 2272 virtutem.
1221 2194 1335 2290 Quod
1362 2197 1485 2275 oleum
1507 2201 1624 2279 lucer-

560 2322 617 2375 nae
638 2298 707 2379 est,
722 2298 795 2374 hoc
817 2301 954 2392 jejunio
972 2299 1093 2392 pietas.
1122 2297 1223 2372 Sicut
1240 2297 1391 2374 lucernae
1410 2297 1531 2377 lumen
1550 2303 1623 2381 olei

560 2397 745 2495 pinguedo
769 2395 972 2478 succendit,
992 2397 1028 2470 dr
1045 2397 1233 2470 moderato
1254 2396 1351 2490 pullu
1366 2396 1547 2478 iacitilsnd
1571 2403 1620 2478 od

559 2501 671 2574 totius
690 2494 804 2572 noslis
818 2494 982 2572 solatium
998 2494 1180 2592 perlucere
1194 2519 1206 2584 ;
1224 2495 1270 2571 fic
1286 2498 1394 2592 pietas
1410 2499 1492 2578 facit
1504 2499 1635 2599 splen·'

557 2598 642 2674 dere
664 2597 858 2690 jejunium,
876 2597 912 2669 δι
934 2594 981 2669 ed
997 2611 1121 2671 totam
1145 2596 1278 2670 radiare
1303 2594 1535 2678 continentiae
1549 2603 1622 2681 ela·

553 2702 707 2774 ritatem·
733 2695 848 2791 Quod
871 2694 939 2771 diei
960 2694 1009 2772 sol
1029 2698 1100 2783 eli,
1124 2696 1196 2772 hnc
1216 2696 1437 2796 eleemosyna
1461 2704 1619 2782 noscitur

418 2806 424 2817 '
551 2796 619 2875 elle
631 2800 775 2892 jejunio.
804 2797 904 2873 Sicut
918 2801 1019 2889 jubar
1039 2796 1117 2874 solis
1132 2797 1317 2873 clariorem
1334 2801 1469 2891 perlicit
1483 2803 1582 2882 diem
1609 2859 1621 2888 .

551 2902 589 2976 or
615 2914 729 2975 totam
747 2898 895 2974 nubium
916 2897 1082 2991 disperdit
1100 2900 1372 2983 obscuritatenn
1389 2901 1434 2976 stc
1456 2906 1620 2981 eleemo-

551 2998 636 3095 syna
668 2998 787 3092 jejunii
813 2996 1001 3073 sanslisicat
1031 2996 1273 3084 sanctitatem,
1308 3016 1497 3097 totamque
1520 3006 1623 3102 cupi.

554 3101 673 3174 ditatis
692 3097 835 3173 nollem
855 3097 990 3173 lumine
1015 3101 1149 3190 pietatis
1177 3098 1348 3174 excludit.
1381 3107 1431 3175 Ac
1461 3104 1624 3180 nemus.

554 3202 599 3274 tis
621 3200 819 3281 immorer,
850 3197 953 3294 qdod
977 3197 1026 3271 ell
1053 3204 1167 3273 anima
1194 3203 1368 3294 corpori,
1401 3202 1537 3294 jejunio
1555 3207 1624 3281 lar-

553 3302 644 3395 gitus
664 3295 737 3371 ltoc
764 3297 926 3378 liabetur.
957 3295 1058 3373 Sicut
1085 3302 1179 3371 enim
1204 3298 1437 3376 mortificatur
1458 3325 1618 3401 corpus,

553 3419 752 3491 acorpore
783 3399 1016 3481 animarum
1043 3391 1202 3489 recedit3
1230 3402 1276 3472 ita
1303 3422 1399 3474 mors
1422 3401 1471 3477 est
1494 3403 1621 3497 jejunii

551 3494 720 3591 largitatis
752 3493 930 3572 abscessus·
967 3494 1024 3574 Est
1055 3492 1201 3594 quidem
1229 3499 1403 3589 jejunium
1436 3505 1610 3581 vitiorum
1657 3512 1660 3516 ’

552 3618 682 3679 mors,
711 3601 781 3672 vita
817 3600 1002 3673 virtutum·
1040 3595 1096 3674 llll
1120 3599 1294 3691 jejunium
1326 3620 1397 3690 pax
1423 3608 1618 3697 corporis,

553 3696 801 3771 membrorum
817 3694 948 3782 decus,
966 3708 1219 3773 ornamentum
1242 3698 1334 3776 vitae.
1365 3698 1422 3775 Ell
1441 3702 1617 3796 ieiunium

554 3795 665 3869 robur
687 3798 883 3880 mentium,
915 3801 1020 3891 vigor
1039 3803 1249 3873 animarum·
1275 3793 1333 3872 Est
1354 3799 1528 3893 jejunium
1555 3826 1616 3881 ca.

487 3892 496 3926 ⁴
556 3894 677 3970 llitntis
691 3915 834 3968 murus,
855 3895 1032 3985 pudicitiae
1049 3897 1388 3992 propugnaculum,
1403 3903 1525 3976 civitot
1543 3903 1620 3981 san·

558 3997 697 4072 slitatis.
735 3989 791 4069 Est
816 3993 995 4086 ieiunium·
1018 3996 1138 4070 schola
1164 4000 1404 4083 meritorum,
1438 3999 1618 4099 disciplina

559 4096 745 4170 virtutum·
792 4090 847 4168 Eli
869 4094 1041 4188 jejunium
1072 4095 1309 4173 ecclesiasticae
1340 4100 1421 4174 vitae
1449 4103 1618 4181 viaticum

559 4194 714 4270 salutare.
745 4189 800 4268 Est
815 4195 987 4285 ieiunium
1001 4197 1150 4273 invisius
1163 4197 1355 4274 chrilliunae
1368 4199 1499 4285 militiae
1518 4206 1618 4302 prin·

561 4295 709 4384 cipetus.
748 4292 819 4368 Sed
843 4297 880 4368 in
901 4294 953 4371 his
971 4299 1162 4375 virtutibus
1188 4299 1361 4391 ieiunium
1384 4315 1471 4379 tunc
1495 4312 1617 4399 viget,

560 4410 649 4467 tunc
672 4396 800 4478 vincit,
828 4407 914 4469 tunc
937 4397 1159 4492 triumphat.
1187 4421 1271 4473 cunt
1300 4400 1393 4474 duce
1418 4398 1616 4485 misericor.

546 4491 616 4570 ‚dia
640 4506 788 4590 pugnat·
814 4490 1132 4607 llilertcordlm&
1154 4497 1263 4605 pietas
1280 4499 1405 4594 jejunii
1433 4498 1514 4579 sont
1528 4503 1614 4592 alae.

1498 4623 1562 4697 ΡΒΙ
