<?xml version="1.0" encoding="UTF-8"?>
<!DOCTYPE html PUBLIC "-//W3C//DTD XHTML 1.0 Transitional//EN"
    "http://www.w3.org/TR/xhtml1/DTD/xhtml1-transitional.dtd">
<html xmlns="http://www.w3.org/1999/xhtml" xml:lang="en" lang="en">
 <head>
  <title>
</title>
<meta http-equiv="Content-Type" content="text/html;charset=utf-8" />
  <meta name='ocr-system' content='tesseract 3.04.00' />
  <meta name='ocr-capabilities' content='ocr_page ocr_carea ocr_par ocr_line ocrx_word'/>
</head>
<body>
  <div class='ocr_page' id='page_1' title='image "./theologiadogmat08alexgoog_0543.png"; bbox 0 0 3792 5375; ppageno 0'>
   <div class='ocr_carea' id='block_1_1' title="bbox 525 497 1478 630">
    <p class='ocr_par' dir='ltr' id='par_1_1' title="bbox 525 497 1478 630">
     <span class='ocr_line' id='line_1_1' title="bbox 525 497 1478 630; baseline -0.004 -16"><span class='ocrx_word' id='word_1_1' title='bbox 525 497 527 506; x_wconf 56' lang='grc'><strong>’</strong></span> <span class='ocrx_word' id='word_1_2' title='bbox 569 521 656 628; x_wconf 75' lang='lat'>&#39;542</span> <span class='ocrx_word' id='word_1_3' title='bbox 744 513 1039 630; x_wconf 65' lang='lat' dir='ltr'>Theotmon</span> <span class='ocrx_word' id='word_1_4' title='bbox 1060 507 1478 622; x_wconf 62' lang='lat' dir='ltr'>&amp;tramittem</span> 
     </span>
    </p>
   </div>
   <div class='ocr_carea' id='block_1_2' title="bbox 440 685 1622 1469">
    <p class='ocr_par' dir='ltr' id='par_1_2' title="bbox 440 685 1620 881">
     <span class='ocr_line' id='line_1_2' title="bbox 523 685 1620 786; baseline 0.011 -22"><span class='ocrx_word' id='word_1_5' title='bbox 523 723 527 736; x_wconf 95' lang='lat'>·</span> <span class='ocrx_word' id='word_1_6' title='bbox 563 689 617 766; x_wconf 93' lang='lat' dir='ltr'>dit</span> <span class='ocrx_word' id='word_1_7' title='bbox 635 690 870 786; x_wconf 81' lang='lat' dir='ltr'>,neutiquam</span> <span class='ocrx_word' id='word_1_8' title='bbox 897 713 916 766; x_wconf 92' lang='lat' dir='ltr'>a</span> <span class='ocrx_word' id='word_1_9' title='bbox 944 690 1004 784; x_wconf 85' lang='lat' dir='ltr'>spe</span> <span class='ocrx_word' id='word_1_10' title='bbox 1023 685 1113 764; x_wconf 90' lang='lat' dir='ltr'>illius</span> <span class='ocrx_word' id='word_1_11' title='bbox 1134 710 1217 784; x_wconf 83' lang='lat' dir='ltr'>erga</span> <span class='ocrx_word' id='word_1_12' title='bbox 1238 710 1306 765; x_wconf 91' lang='lat' dir='ltr'>nos</span> <span class='ocrx_word' id='word_1_13' title='bbox 1325 691 1504 770; x_wconf 86' lang='lat' dir='ltr'>bonitatis</span> <span class='ocrx_word' id='word_1_14' title='bbox 1519 691 1620 776; x_wconf 74' lang='lat' dir='ltr'>debe:</span> 
     </span>
     <span class='ocr_line' id='line_1_3' title="bbox 440 789 944 881; baseline -0.006 -14"><span class='ocrx_word' id='word_1_15' title='bbox 440 789 444 798; x_wconf 82' lang='grc'><strong>’</strong></span> <span class='ocrx_word' id='word_1_16' title='bbox 561 811 645 866; x_wconf 88' lang='lat' dir='ltr'>mus</span> <span class='ocrx_word' id='word_1_17' title='bbox 676 789 853 866; x_wconf 81' lang='lat' dir='ltr'>discedere</span> <span class='ocrx_word' id='word_1_18' title='bbox 878 845 944 881; x_wconf 77' lang='lat'>„„.</span> 
     </span>
    </p>

    <p class='ocr_par' dir='ltr' id='par_1_3' title="bbox 556 885 1622 1469">
     <span class='ocr_line' id='line_1_4' title="bbox 615 885 1618 994; baseline 0.011 -34"><span class='ocrx_word' id='word_1_19' title='bbox 615 898 648 960; x_wconf 80' lang='lat' dir='ltr'>S·</span> <span class='ocrx_word' id='word_1_20' title='bbox 677 887 891 977; x_wconf 63' lang='lat' dir='ltr'>Antistius,</span> <span class='ocrx_word' id='word_1_21' title='bbox 927 893 964 964; x_wconf 91' lang='lat' dir='ltr'>in</span> <span class='ocrx_word' id='word_1_22' title='bbox 995 885 1075 965; x_wconf 86' lang='lat' dir='ltr'>Psal.</span> <span class='ocrx_word' id='word_1_23' title='bbox 1113 899 1194 973; x_wconf 85' lang='lat'>118.</span> <span class='ocrx_word' id='word_1_24' title='bbox 1226 885 1401 966; x_wconf 83' lang='lat' dir='ltr'>Sermone</span> <span class='ocrx_word' id='word_1_25' title='bbox 1429 907 1492 968; x_wconf 78' lang='lat'>22.</span> <span class='ocrx_word' id='word_1_26' title='bbox 1525 893 1618 994; x_wconf 71' lang='lat' dir='ltr'>illan</span> 
     </span>
     <span class='ocr_line' id='line_1_5' title="bbox 557 986 1619 1082; baseline 0.011 -26"><span class='ocrx_word' id='word_1_27' title='bbox 557 986 739 1077; x_wconf 79' lang='lat' dir='ltr'>Versum,</span> <span class='ocrx_word' id='word_1_28' title='bbox 762 996 942 1082; x_wconf 80' lang='lat' dir='ltr'>Concupivi</span> <span class='ocrx_word' id='word_1_29' title='bbox 963 986 1109 1073; x_wconf 75' lang='lat' dir='ltr'>saltitare</span> <span class='ocrx_word' id='word_1_30' title='bbox 1129 1007 1222 1061; x_wconf 79' lang='lat' dir='ltr'>tuum</span> <span class='ocrx_word' id='word_1_31' title='bbox 1242 993 1409 1078; x_wconf 78' lang='lat' dir='ltr'>Domine,</span> <span class='ocrx_word' id='word_1_32' title='bbox 1429 999 1475 1064; x_wconf 75' lang='lat' dir='ltr'>o-</span> <span class='ocrx_word' id='word_1_33' title='bbox 1499 995 1619 1068; x_wconf 76' lang='lat' dir='ltr'>lextra</span> 
     </span>
     <span class='ocr_line' id='line_1_6' title="bbox 556 1089 1622 1188; baseline 0.009 -23"><span class='ocrx_word' id='word_1_34' title='bbox 556 1093 730 1162; x_wconf 80' lang='lat' dir='ltr'>meditatio</span> <span class='ocrx_word' id='word_1_35' title='bbox 745 1113 814 1160; x_wconf 76' lang='lat' dir='ltr'>mea</span> <span class='ocrx_word' id='word_1_36' title='bbox 830 1089 872 1167; x_wconf 73' lang='lat' dir='ltr'>td</span> <span class='ocrx_word' id='word_1_37' title='bbox 889 1145 899 1173; x_wconf 88' lang='lat'>‚</span> <span class='ocrx_word' id='word_1_38' title='bbox 922 1089 1127 1182; x_wconf 80' lang='lat' dir='ltr'>explicans:</span> <span class='ocrx_word' id='word_1_39' title='bbox 1158 1147 1180 1182; x_wconf 87' lang='lat'>„</span> <span class='ocrx_word' id='word_1_40' title='bbox 1196 1148 1217 1182; x_wconf 89' lang='lat'><strong>„</strong></span> <span class='ocrx_word' id='word_1_41' title='bbox 1245 1090 1340 1165; x_wconf 81' lang='lat' dir='ltr'>nlius</span> <span class='ocrx_word' id='word_1_42' title='bbox 1357 1097 1373 1180; x_wconf 71' lang='lat' dir='ltr'>i</span> <span class='ocrx_word' id='word_1_43' title='bbox 1389 1091 1532 1188; x_wconf 78' lang='lat' dir='ltr'>inquit)</span> <span class='ocrx_word' id='word_1_44' title='bbox 1547 1095 1622 1174; x_wconf 91' lang='lat' dir='ltr'>lon·</span> 
     </span>
     <span class='ocr_line' id='line_1_7' title="bbox 557 1190 1619 1292; baseline 0.006 -24"><span class='ocrx_word' id='word_1_45' title='bbox 557 1195 724 1288; x_wconf 71' lang='lat' dir='ltr'>genitate</span> <span class='ocrx_word' id='word_1_46' title='bbox 748 1195 827 1266; x_wconf 82' lang='lat' dir='ltr'>vitae</span> <span class='ocrx_word' id='word_1_47' title='bbox 851 1190 945 1264; x_wconf 87' lang='lat' dir='ltr'>istius</span> <span class='ocrx_word' id='word_1_48' title='bbox 961 1190 1171 1275; x_wconf 68' lang='lat' dir='ltr'>delectatur,</span> <span class='ocrx_word' id='word_1_49' title='bbox 1203 1190 1427 1284; x_wconf 79' lang='lat' dir='ltr'>concupiscit</span> <span class='ocrx_word' id='word_1_50' title='bbox 1444 1193 1560 1292; x_wconf 80' lang='lat' dir='ltr'>usque</span> <span class='ocrx_word' id='word_1_51' title='bbox 1578 1196 1619 1274; x_wconf 88' lang='lat' dir='ltr'>ad</span> 
     </span>
     <span class='ocr_line' id='line_1_8' title="bbox 560 1285 1620 1469; baseline 0.006 -102"><span class='ocrx_word' id='word_1_52' title='bbox 560 1291 730 1469; x_wconf 51' lang='grc' dir='ltr'>(Ἓροῦτκ</span> <span class='ocrx_word' id='word_1_53' title='bbox 748 1291 928 1365; x_wconf 76' lang='lat' dir='ltr'>terretiutis</span> <span class='ocrx_word' id='word_1_54' title='bbox 951 1285 1059 1362; x_wconf 87' lang='lat' dir='ltr'>linem</span> <span class='ocrx_word' id='word_1_55' title='bbox 1085 1297 1247 1385; x_wconf 85' lang='lat' dir='ltr'>corporis</span> <span class='ocrx_word' id='word_1_56' title='bbox 1272 1289 1379 1384; x_wconf 86' lang='lat' dir='ltr'>liujus</span> <span class='ocrx_word' id='word_1_57' title='bbox 1408 1297 1524 1370; x_wconf 83' lang='lat' dir='ltr'>vitam</span> <span class='ocrx_word' id='word_1_58' title='bbox 1540 1320 1620 1394; x_wconf 86' lang='lat' dir='ltr'>pro-</span> 
     </span>
    </p>
   </div>
   <div class='ocr_carea' id='block_1_3' title="bbox 508 1389 1623 4591">
    <p class='ocr_par' dir='ltr' id='par_1_4' title="bbox 560 1389 1623 1787">
     <span class='ocr_line' id='line_1_9' title="bbox 612 1389 1621 1485; baseline 0.008 -19"><span class='ocrx_word' id='word_1_59' title='bbox 612 1416 702 1468; x_wconf 86' lang='lat' dir='ltr'>cere·</span> <span class='ocrx_word' id='word_1_60' title='bbox 730 1393 797 1466; x_wconf 80' lang='lat' dir='ltr'>dlii</span> <span class='ocrx_word' id='word_1_61' title='bbox 821 1390 1032 1482; x_wconf 81' lang='lat' dir='ltr'>franguntur</span> <span class='ocrx_word' id='word_1_62' title='bbox 1055 1392 1272 1485; x_wconf 77' lang='lat' dir='ltr'>aegritudinis</span> <span class='ocrx_word' id='word_1_63' title='bbox 1302 1389 1547 1484; x_wconf 84' lang='lat' dir='ltr'>infirmitate,</span> <span class='ocrx_word' id='word_1_64' title='bbox 1578 1399 1621 1474; x_wconf 88' lang='lat' dir='ltr'>de</span> 
     </span>
     <span class='ocr_line' id='line_1_10' title="bbox 560 1484 1623 1590; baseline -0.006 -20"><span class='ocrx_word' id='word_1_65' title='bbox 560 1494 688 1590; x_wconf 88' lang='lat' dir='ltr'>quibus</span> <span class='ocrx_word' id='word_1_66' title='bbox 710 1513 819 1565; x_wconf 89' lang='lat' dir='ltr'>nemo</span> <span class='ocrx_word' id='word_1_67' title='bbox 840 1490 958 1584; x_wconf 88' lang='lat' dir='ltr'>potest</span> <span class='ocrx_word' id='word_1_68' title='bbox 980 1492 1123 1562; x_wconf 84' lang='lat' dir='ltr'>dicere:</span> <span class='ocrx_word' id='word_1_69' title='bbox 1151 1499 1230 1560; x_wconf 70' lang='lat' dir='ltr'>Cum</span> <span class='ocrx_word' id='word_1_70' title='bbox 1249 1484 1431 1576; x_wconf 71' lang='lat' dir='ltr'>infirmor,</span> <span class='ocrx_word' id='word_1_71' title='bbox 1463 1513 1548 1566; x_wconf 78' lang='lat' dir='ltr'>tunt</span> <span class='ocrx_word' id='word_1_72' title='bbox 1565 1517 1623 1588; x_wconf 81' lang='lat' dir='ltr'>po.</span> 
     </span>
     <span class='ocr_line' id='line_1_11' title="bbox 561 1587 1621 1683; baseline 0.01 -20"><span class='ocrx_word' id='word_1_73' title='bbox 561 1613 632 1663; x_wconf 81' lang='lat' dir='ltr'>rens</span> <span class='ocrx_word' id='word_1_74' title='bbox 654 1593 734 1676; x_wconf 71' lang='lat' dir='ltr'>sum.</span> <span class='ocrx_word' id='word_1_75' title='bbox 772 1587 896 1665; x_wconf 81' lang='lat' dir='ltr'>Beatos</span> <span class='ocrx_word' id='word_1_76' title='bbox 916 1590 948 1662; x_wconf 79' lang='lat' dir='ltr'>l‘e</span> <span class='ocrx_word' id='word_1_77' title='bbox 978 1604 1133 1683; x_wconf 86' lang='lat' dir='ltr'>putant,</span> <span class='ocrx_word' id='word_1_78' title='bbox 1166 1589 1189 1664; x_wconf 87' lang='lat' dir='ltr'>sa</span> <span class='ocrx_word' id='word_1_79' title='bbox 1219 1589 1387 1668; x_wconf 86' lang='lat' dir='ltr'>inoffensa</span> <span class='ocrx_word' id='word_1_80' title='bbox 1410 1591 1621 1674; x_wconf 81' lang='lat' dir='ltr'>valetudinis</span> 
     </span>
     <span class='ocr_line' id='line_1_12' title="bbox 562 1689 1619 1787; baseline 0.002 -17"><span class='ocrx_word' id='word_1_81' title='bbox 562 1691 824 1770; x_wconf 84' lang='lat' dir='ltr'>commoditate</span> <span class='ocrx_word' id='word_1_82' title='bbox 845 1691 1050 1787; x_wconf 85' lang='lat' dir='ltr'>potiantur,</span> <span class='ocrx_word' id='word_1_83' title='bbox 1075 1691 1205 1787; x_wconf 88' lang='lat' dir='ltr'>quibus</span> <span class='ocrx_word' id='word_1_84' title='bbox 1225 1716 1298 1766; x_wconf 90' lang='lat' dir='ltr'>non</span> <span class='ocrx_word' id='word_1_85' title='bbox 1313 1689 1362 1766; x_wconf 82' lang='lat' dir='ltr'>est</span> <span class='ocrx_word' id='word_1_86' title='bbox 1373 1691 1562 1774; x_wconf 83' lang='lat' dir='ltr'>infirmitas</span> <span class='ocrx_word' id='word_1_87' title='bbox 1576 1697 1619 1772; x_wconf 91' lang='lat' dir='ltr'>ad</span> 
     </span>
    </p>

    <p class='ocr_par' dir='ltr' id='par_1_5' title="bbox 508 1787 1622 3377">
     <span class='ocr_line' id='line_1_13' title="bbox 508 1787 1621 1887; baseline -0.003 -18"><span class='ocrx_word' id='word_1_88' title='bbox 508 1875 513 1884; x_wconf 65' lang='grc'><strong>,</strong></span> <span class='ocrx_word' id='word_1_89' title='bbox 562 1792 721 1875; x_wconf 75' lang='lat' dir='ltr'>salntem.</span> <span class='ocrx_word' id='word_1_90' title='bbox 749 1787 892 1868; x_wconf 91' lang='lat' dir='ltr'>Horum</span> <span class='ocrx_word' id='word_1_91' title='bbox 923 1812 1073 1887; x_wconf 88' lang='lat' dir='ltr'>quoque</span> <span class='ocrx_word' id='word_1_92' title='bbox 1090 1815 1201 1864; x_wconf 85' lang='lat' dir='ltr'>nemo</span> <span class='ocrx_word' id='word_1_93' title='bbox 1218 1792 1332 1884; x_wconf 78' lang='lat' dir='ltr'>potest</span> <span class='ocrx_word' id='word_1_94' title='bbox 1347 1795 1621 1868; x_wconf 75' lang='lat' dir='ltr'>diceteeconrr·</span> 
     </span>
     <span class='ocr_line' id='line_1_14' title="bbox 558 1885 1622 1989; baseline 0.014 -29"><span class='ocrx_word' id='word_1_95' title='bbox 558 1897 634 1989; x_wconf 78' lang='lat' dir='ltr'>pivr‘</span> <span class='ocrx_word' id='word_1_96' title='bbox 651 1885 932 1978; x_wconf 71' lang='lat' dir='ltr'>salutantum,</span> <span class='ocrx_word' id='word_1_97' title='bbox 960 1893 1130 1968; x_wconf 68' lang='lat' dir='ltr'>Dammae,-</span> <span class='ocrx_word' id='word_1_98' title='bbox 1152 1889 1246 1966; x_wconf 88' lang='lat' dir='ltr'>suam</span> <span class='ocrx_word' id='word_1_99' title='bbox 1266 1897 1362 1967; x_wconf 89' lang='lat' dir='ltr'>enim</span> <span class='ocrx_word' id='word_1_100' title='bbox 1392 1895 1508 1984; x_wconf 74' lang='lat' dir='ltr'>magis</span> <span class='ocrx_word' id='word_1_101' title='bbox 1532 1895 1622 1974; x_wconf 82' lang='lat' dir='ltr'>saltt-</span> 
     </span>
     <span class='ocr_line' id='line_1_15' title="bbox 562 1987 1619 2094; baseline -0.002 -25"><span class='ocrx_word' id='word_1_102' title='bbox 562 2009 667 2075; x_wconf 86' lang='lat' dir='ltr'>tem,</span> <span class='ocrx_word' id='word_1_103' title='bbox 696 2015 805 2088; x_wconf 84' lang='lat' dir='ltr'>quam</span> <span class='ocrx_word' id='word_1_104' title='bbox 838 1989 982 2065; x_wconf 88' lang='lat' dir='ltr'>salutare</span> <span class='ocrx_word' id='word_1_105' title='bbox 1008 1987 1076 2064; x_wconf 89' lang='lat' dir='ltr'>Dei</span> <span class='ocrx_word' id='word_1_106' title='bbox 1102 2004 1295 2094; x_wconf 76' lang='lat' dir='ltr'>qoaerunt,</span> <span class='ocrx_word' id='word_1_107' title='bbox 1328 1991 1476 2068; x_wconf 85' lang='lat' dir='ltr'>medicis</span> <span class='ocrx_word' id='word_1_108' title='bbox 1497 1999 1619 2090; x_wconf 77' lang='lat' dir='ltr'>potius</span> 
     </span>
     <span class='ocr_line' id='line_1_16' title="bbox 562 2089 1618 2188; baseline 0.006 -20"><span class='ocrx_word' id='word_1_109' title='bbox 562 2116 670 2186; x_wconf 85' lang='lat' dir='ltr'>quam</span> <span class='ocrx_word' id='word_1_110' title='bbox 695 2093 884 2188; x_wconf 69' lang='lat' dir='ltr'>scripturis</span> <span class='ocrx_word' id='word_1_111' title='bbox 900 2089 1118 2170; x_wconf 82' lang='lat' dir='ltr'>obedientes.</span> <span class='ocrx_word' id='word_1_112' title='bbox 1148 2090 1334 2166; x_wconf 86' lang='lat' dir='ltr'>Contraria</span> <span class='ocrx_word' id='word_1_113' title='bbox 1345 2112 1465 2170; x_wconf 86' lang='lat' dir='ltr'>autern</span> <span class='ocrx_word' id='word_1_114' title='bbox 1479 2095 1618 2174; x_wconf 87' lang='lat' dir='ltr'>{ludio-</span> 
     </span>
     <span class='ocr_line' id='line_1_17' title="bbox 561 2191 1618 2290; baseline 0.007 -23"><span class='ocrx_word' id='word_1_115' title='bbox 561 2191 604 2267; x_wconf 90' lang='lat' dir='ltr'>lis</span> <span class='ocrx_word' id='word_1_116' title='bbox 637 2193 764 2267; x_wconf 76' lang='lat' dir='ltr'>divina·</span> <span class='ocrx_word' id='word_1_117' title='bbox 803 2193 1032 2287; x_wconf 85' lang='lat' dir='ltr'>cogitationis</span> <span class='ocrx_word' id='word_1_118' title='bbox 1058 2206 1231 2286; x_wconf 82' lang='lat' dir='ltr'>praecepta</span> <span class='ocrx_word' id='word_1_119' title='bbox 1253 2192 1332 2267; x_wconf 84' lang='lat' dir='ltr'>sunt</span> <span class='ocrx_word' id='word_1_120' title='bbox 1359 2193 1618 2290; x_wconf 54' lang='lat' dir='ltr'>medicinae</span> 
     </span>
     <span class='ocr_line' id='line_1_18' title="bbox 557 2289 1619 2386; baseline 0.009 -20"><span class='ocrx_word' id='word_1_121' title='bbox 557 2292 695 2386; x_wconf 86' lang='lat' dir='ltr'>jejunio</span> <span class='ocrx_word' id='word_1_122' title='bbox 720 2305 923 2374; x_wconf 84' lang='lat' dir='ltr'>revocant,</span> <span class='ocrx_word' id='word_1_123' title='bbox 954 2289 1140 2364; x_wconf 81' lang='lat' dir='ltr'>lucubrare</span> <span class='ocrx_word' id='word_1_124' title='bbox 1165 2315 1239 2365; x_wconf 92' lang='lat' dir='ltr'>non</span> <span class='ocrx_word' id='word_1_125' title='bbox 1265 2290 1409 2372; x_wconf 78' lang='lat' dir='ltr'>sinunt,</span> <span class='ocrx_word' id='word_1_126' title='bbox 1439 2297 1486 2372; x_wconf 88' lang='lat' dir='ltr'>ab</span> <span class='ocrx_word' id='word_1_127' title='bbox 1514 2297 1619 2376; x_wconf 85' lang='lat' dir='ltr'>omui</span> 
     </span>
     <span class='ocr_line' id='line_1_19' title="bbox 555 2390 1618 2492; baseline 0.004 -24"><span class='ocrx_word' id='word_1_128' title='bbox 555 2393 756 2468; x_wconf 91' lang='lat' dir='ltr'>intentione</span> <span class='ocrx_word' id='word_1_129' title='bbox 775 2391 1013 2464; x_wconf 87' lang='lat' dir='ltr'>meditationis</span> <span class='ocrx_word' id='word_1_130' title='bbox 1024 2390 1218 2465; x_wconf 82' lang='lat' dir='ltr'>abducunt·</span> <span class='ocrx_word' id='word_1_131' title='bbox 1243 2391 1386 2488; x_wconf 86' lang='lat' dir='ltr'>ltaque,</span> <span class='ocrx_word' id='word_1_132' title='bbox 1406 2394 1520 2492; x_wconf 88' lang='lat' dir='ltr'>quise</span> <span class='ocrx_word' id='word_1_133' title='bbox 1543 2420 1618 2472; x_wconf 87' lang='lat' dir='ltr'>rne-</span> 
     </span>
     <span class='ocr_line' id='line_1_20' title="bbox 555 2487 1618 2594; baseline 0.004 -26"><span class='ocrx_word' id='word_1_134' title='bbox 555 2492 643 2568; x_wconf 89' lang='lat' dir='ltr'>dicis</span> <span class='ocrx_word' id='word_1_135' title='bbox 667 2488 824 2573; x_wconf 87' lang='lat' dir='ltr'>dederit,</span> <span class='ocrx_word' id='word_1_136' title='bbox 841 2488 873 2563; x_wconf 86' lang='lat' dir='ltr'>se</span> <span class='ocrx_word' id='word_1_137' title='bbox 887 2487 999 2584; x_wconf 85' lang='lat' dir='ltr'>ipsum</span> <span class='ocrx_word' id='word_1_138' title='bbox 1018 2487 1077 2563; x_wconf 83' lang='lat' dir='ltr'>libi</span> <span class='ocrx_word' id='word_1_139' title='bbox 1105 2493 1258 2585; x_wconf 84' lang='lat' dir='ltr'>abnegat</span> <span class='ocrx_word' id='word_1_140' title='bbox 1279 2517 1288 2567; x_wconf 92' lang='lat'>:</span> <span class='ocrx_word' id='word_1_141' title='bbox 1307 2495 1369 2588; x_wconf 87' lang='lat' dir='ltr'>qui</span> <span class='ocrx_word' id='word_1_142' title='bbox 1385 2511 1508 2570; x_wconf 87' lang='lat' dir='ltr'>autem</span> <span class='ocrx_word' id='word_1_143' title='bbox 1521 2517 1618 2594; x_wconf 78' lang='lat' dir='ltr'>quaa·</span> 
     </span>
     <span class='ocr_line' id='line_1_21' title="bbox 556 2587 1617 2689; baseline 0.004 -22"><span class='ocrx_word' id='word_1_144' title='bbox 556 2594 604 2668; x_wconf 92' lang='lat' dir='ltr'>rit</span> <span class='ocrx_word' id='word_1_145' title='bbox 628 2590 771 2667; x_wconf 85' lang='lat' dir='ltr'>salutare</span> <span class='ocrx_word' id='word_1_146' title='bbox 801 2587 890 2666; x_wconf 74' lang='lat' dir='ltr'>Dei,</span> <span class='ocrx_word' id='word_1_147' title='bbox 913 2587 1093 2664; x_wconf 82' lang='lat' dir='ltr'>Christum</span> <span class='ocrx_word' id='word_1_148' title='bbox 1117 2589 1300 2686; x_wconf 84' lang='lat' dir='ltr'>seqrrirur,</span> <span class='ocrx_word' id='word_1_149' title='bbox 1325 2596 1387 2689; x_wconf 88' lang='lat' dir='ltr'>qui</span> <span class='ocrx_word' id='word_1_150' title='bbox 1412 2593 1546 2671; x_wconf 89' lang='lat' dir='ltr'>dicitnr</span> <span class='ocrx_word' id='word_1_151' title='bbox 1570 2595 1617 2672; x_wconf 86' lang='lat' dir='ltr'>la·</span> 
     </span>
     <span class='ocr_line' id='line_1_22' title="bbox 559 2689 1617 2793; baseline 0.004 -25"><span class='ocrx_word' id='word_1_152' title='bbox 559 2691 612 2769; x_wconf 89' lang='lat' dir='ltr'>lus</span> <span class='ocrx_word' id='word_1_153' title='bbox 629 2691 718 2768; x_wconf 86' lang='lat' dir='ltr'>Dei:</span> <span class='ocrx_word' id='word_1_154' title='bbox 739 2715 813 2766; x_wconf 92' lang='lat' dir='ltr'>non</span> <span class='ocrx_word' id='word_1_155' title='bbox 830 2713 908 2784; x_wconf 82' lang='lat' dir='ltr'>quae</span> <span class='ocrx_word' id='word_1_156' title='bbox 928 2692 1092 2783; x_wconf 85' lang='lat' dir='ltr'>corporis</span> <span class='ocrx_word' id='word_1_157' title='bbox 1104 2738 1114 2772; x_wconf 91' lang='lat'><em>‚</em></span> <span class='ocrx_word' id='word_1_158' title='bbox 1126 2689 1181 2763; x_wconf 87' lang='lat' dir='ltr'>sed</span> <span class='ocrx_word' id='word_1_159' title='bbox 1197 2714 1275 2786; x_wconf 83' lang='lat' dir='ltr'>quae</span> <span class='ocrx_word' id='word_1_160' title='bbox 1285 2710 1411 2768; x_wconf 81' lang='lat' dir='ltr'>aeterna</span> <span class='ocrx_word' id='word_1_161' title='bbox 1426 2694 1507 2771; x_wconf 79' lang='lat' dir='ltr'>furit</span> <span class='ocrx_word' id='word_1_162' title='bbox 1520 2719 1617 2793; x_wconf 87' lang='lat' dir='ltr'>qoae·</span> 
     </span>
     <span class='ocr_line' id='line_1_23' title="bbox 558 2788 1618 2887; baseline 0.004 -19"><span class='ocrx_word' id='word_1_163' title='bbox 558 2816 657 2877; x_wconf 83' lang='lat' dir='ltr'>rens,</span> <span class='ocrx_word' id='word_1_164' title='bbox 690 2815 773 2867; x_wconf 90' lang='lat' dir='ltr'>cum</span> <span class='ocrx_word' id='word_1_165' title='bbox 799 2788 872 2865; x_wconf 89' lang='lat' dir='ltr'>lroc</span> <span class='ocrx_word' id='word_1_166' title='bbox 888 2794 924 2864; x_wconf 92' lang='lat' dir='ltr'>in</span> <span class='ocrx_word' id='word_1_167' title='bbox 952 2812 1107 2885; x_wconf 83' lang='lat' dir='ltr'>corpore</span> <span class='ocrx_word' id='word_1_168' title='bbox 1132 2794 1369 2869; x_wconf 79' lang='lat' dir='ltr'>conversetur·</span> <span class='ocrx_word' id='word_1_169' title='bbox 1399 2794 1475 2887; x_wconf 87' lang='lat' dir='ltr'>Qui</span> <span class='ocrx_word' id='word_1_170' title='bbox 1496 2814 1618 2875; x_wconf 81' lang='lat' dir='ltr'>autern</span> 
     </span>
     <span class='ocr_line' id='line_1_24' title="bbox 559 2890 1617 2987; baseline 0.003 -19"><span class='ocrx_word' id='word_1_171' title='bbox 559 2892 676 2987; x_wconf 81' lang='lat' dir='ltr'>legem</span> <span class='ocrx_word' id='word_1_172' title='bbox 698 2890 768 2968; x_wconf 90' lang='lat' dir='ltr'>Dei</span> <span class='ocrx_word' id='word_1_173' title='bbox 790 2894 939 2986; x_wconf 83' lang='lat' dir='ltr'>quaerit,</span> <span class='ocrx_word' id='word_1_174' title='bbox 968 2890 1025 2963; x_wconf 88' lang='lat' dir='ltr'>die</span> <span class='ocrx_word' id='word_1_175' title='bbox 1053 2894 1201 2986; x_wconf 87' lang='lat' dir='ltr'>utique,</span> <span class='ocrx_word' id='word_1_176' title='bbox 1235 2894 1271 2966; x_wconf 77' lang='grc' dir='ltr'>ἀ</span> <span class='ocrx_word' id='word_1_177' title='bbox 1294 2894 1398 2971; x_wconf 75' lang='lat' dir='ltr'>node</span> <span class='ocrx_word' id='word_1_178' title='bbox 1422 2897 1617 2973; x_wconf 86' lang='lat' dir='ltr'>meditatur</span> 
     </span>
     <span class='ocr_line' id='line_1_25' title="bbox 562 2989 1617 3089; baseline 0.006 -22"><span class='ocrx_word' id='word_1_179' title='bbox 562 2996 599 3067; x_wconf 91' lang='lat' dir='ltr'>in</span> <span class='ocrx_word' id='word_1_180' title='bbox 627 2994 718 3087; x_wconf 79' lang='lat' dir='ltr'>lege,</span> <span class='ocrx_word' id='word_1_181' title='bbox 745 2989 847 3089; x_wconf 84' lang='lat' dir='ltr'>Jugis</span> <span class='ocrx_word' id='word_1_182' title='bbox 867 2990 913 3066; x_wconf 92' lang='lat' dir='ltr'>illi</span> <span class='ocrx_word' id='word_1_183' title='bbox 935 2989 1119 3066; x_wconf 83' lang='lat' dir='ltr'>meditatio</span> <span class='ocrx_word' id='word_1_184' title='bbox 1141 2990 1189 3066; x_wconf 84' lang='lat' dir='ltr'>est</span> <span class='ocrx_word' id='word_1_185' title='bbox 1207 2991 1411 3071; x_wconf 90' lang='lat' dir='ltr'>divinorum</span> <span class='ocrx_word' id='word_1_186' title='bbox 1435 2992 1617 3073; x_wconf 85' lang='lat' dir='ltr'>Decreta·</span> 
     </span>
     <span class='ocr_line' id='line_1_26' title="bbox 563 3090 1616 3189; baseline 0.007 -21"><span class='ocrx_word' id='word_1_187' title='bbox 563 3117 671 3179; x_wconf 86' lang='lat' dir='ltr'>runi,</span> <span class='ocrx_word' id='word_1_188' title='bbox 697 3115 814 3189; x_wconf 91' lang='lat' dir='ltr'>neque</span> <span class='ocrx_word' id='word_1_189' title='bbox 835 3090 950 3188; x_wconf 90' lang='lat' dir='ltr'>aliqua</span> <span class='ocrx_word' id='word_1_190' title='bbox 975 3113 1060 3167; x_wconf 89' lang='lat' dir='ltr'>cura</span> <span class='ocrx_word' id='word_1_191' title='bbox 1087 3094 1248 3185; x_wconf 87' lang='lat' dir='ltr'>corporis</span> <span class='ocrx_word' id='word_1_192' title='bbox 1276 3093 1377 3189; x_wconf 86' lang='lat' dir='ltr'>hujus</span> <span class='ocrx_word' id='word_1_193' title='bbox 1398 3100 1571 3175; x_wconf 85' lang='lat' dir='ltr'>avertitur</span> <span class='ocrx_word' id='word_1_194' title='bbox 1595 3116 1616 3175; x_wconf 78' lang='lat' dir='ltr'>a</span> 
     </span>
     <span class='ocr_line' id='line_1_27' title="bbox 564 3189 1617 3288; baseline 0.002 -19"><span class='ocrx_word' id='word_1_195' title='bbox 564 3194 681 3270; x_wconf 84' lang='lat' dir='ltr'>studio</span> <span class='ocrx_word' id='word_1_196' title='bbox 704 3191 976 3288; x_wconf 83' lang='lat' dir='ltr'>dilciplinae„„.</span> <span class='ocrx_word' id='word_1_197' title='bbox 1007 3189 1059 3267; x_wconf 81' lang='lat' dir='ltr'>Ex</span> <span class='ocrx_word' id='word_1_198' title='bbox 1078 3214 1176 3288; x_wconf 86' lang='lat' dir='ltr'>parre</span> <span class='ocrx_word' id='word_1_199' title='bbox 1207 3192 1355 3270; x_wconf 86' lang='lat' dir='ltr'>refertur</span> <span class='ocrx_word' id='word_1_200' title='bbox 1378 3212 1456 3272; x_wconf 81' lang='lat' dir='ltr'>can·-</span> <span class='ocrx_word' id='word_1_201' title='bbox 1473 3202 1617 3270; x_wconf 74' lang='lat' dir='ltr'>canere·</span> 
     </span>
     <span class='ocr_line' id='line_1_28' title="bbox 563 3290 1137 3377; baseline -0.012 -12"><span class='ocrx_word' id='word_1_202' title='bbox 563 3297 617 3365; x_wconf 73' lang='lat' dir='ltr'>ria</span> <span class='ocrx_word' id='word_1_203' title='bbox 639 3293 715 3367; x_wconf 87' lang='lat' dir='ltr'>dist.</span> <span class='ocrx_word' id='word_1_204' title='bbox 743 3312 774 3377; x_wconf 77' lang='grc' dir='ltr'>ς.</span> <span class='ocrx_word' id='word_1_205' title='bbox 805 3294 858 3361; x_wconf 84' lang='lat' dir='ltr'>De</span> <span class='ocrx_word' id='word_1_206' title='bbox 880 3290 1137 3374; x_wconf 65' lang='lat' dir='ltr'>Constantiam,</span> 
     </span>
    </p>

    <p class='ocr_par' dir='ltr' id='par_1_6' title="bbox 554 3389 1617 4591">
     <span class='ocr_line' id='line_1_29' title="bbox 614 3389 1617 3487; baseline 0.013 -26"><span class='ocrx_word' id='word_1_207' title='bbox 614 3398 646 3465; x_wconf 83' lang='lat' dir='ltr'>S.</span> <span class='ocrx_word' id='word_1_208' title='bbox 675 3396 861 3462; x_wconf 63' lang='lat' dir='ltr'>bernardus</span> <span class='ocrx_word' id='word_1_209' title='bbox 884 3389 1034 3487; x_wconf 87' lang='lat' dir='ltr'>Epistola</span> <span class='ocrx_word' id='word_1_210' title='bbox 1060 3409 1143 3482; x_wconf 85' lang='lat'>321.</span> <span class='ocrx_word' id='word_1_211' title='bbox 1173 3395 1215 3469; x_wconf 90' lang='lat' dir='ltr'>ad</span> <span class='ocrx_word' id='word_1_212' title='bbox 1238 3394 1372 3471; x_wconf 84' lang='lat' dir='ltr'>Fratres</span> <span class='ocrx_word' id='word_1_213' title='bbox 1389 3393 1435 3471; x_wconf 93' lang='lat' dir='ltr'>de</span> <span class='ocrx_word' id='word_1_214' title='bbox 1455 3394 1491 3471; x_wconf 88' lang='lat' dir='ltr'>S.</span> <span class='ocrx_word' id='word_1_215' title='bbox 1520 3396 1617 3474; x_wconf 80' lang='lat' dir='ltr'>Ana·</span> 
     </span>
     <span class='ocr_line' id='line_1_30' title="bbox 560 3490 1616 3589; baseline 0.008 -22"><span class='ocrx_word' id='word_1_216' title='bbox 560 3490 685 3570; x_wconf 80' lang='lat' dir='ltr'>stairo:</span> <span class='ocrx_word' id='word_1_217' title='bbox 709 3547 730 3583; x_wconf 86' lang='lat'>„</span> <span class='ocrx_word' id='word_1_218' title='bbox 742 3547 764 3584; x_wconf 85' lang='lat'>„</span> <span class='ocrx_word' id='word_1_219' title='bbox 778 3490 1106 3583; x_wconf 60' lang='lat' dir='ltr'>minimamque)</span> <span class='ocrx_word' id='word_1_220' title='bbox 1120 3499 1297 3589; x_wconf 78' lang='lat' dir='ltr'>conspetit</span> <span class='ocrx_word' id='word_1_221' title='bbox 1315 3495 1480 3587; x_wconf 71' lang='lat' dir='ltr'>religioni</span> <span class='ocrx_word' id='word_1_222' title='bbox 1496 3496 1616 3575; x_wconf 82' lang='lat' dir='ltr'>vestrae</span> 
     </span>
     <span class='ocr_line' id='line_1_31' title="bbox 561 3590 1612 3691; baseline 0.007 -23"><span class='ocrx_word' id='word_1_223' title='bbox 561 3593 753 3668; x_wconf 82' lang='lat' dir='ltr'>medicinas</span> <span class='ocrx_word' id='word_1_224' title='bbox 772 3615 927 3686; x_wconf 81' lang='lat' dir='ltr'>quaerere</span> <span class='ocrx_word' id='word_1_225' title='bbox 947 3590 1238 3684; x_wconf 83' lang='lat' dir='ltr'>corporales,l&#39;ed</span> <span class='ocrx_word' id='word_1_226' title='bbox 1265 3617 1331 3668; x_wconf 91' lang='lat' dir='ltr'>nec</span> <span class='ocrx_word' id='word_1_227' title='bbox 1353 3594 1502 3691; x_wconf 82' lang='lat' dir='ltr'>expedit</span> <span class='ocrx_word' id='word_1_228' title='bbox 1526 3594 1612 3675; x_wconf 81' lang='lat' dir='ltr'>salu·</span> 
     </span>
     <span class='ocr_line' id='line_1_32' title="bbox 561 3688 1613 3793; baseline 0.007 -26"><span class='ocrx_word' id='word_1_229' title='bbox 561 3694 600 3767; x_wconf 83' lang='lat' dir='ltr'>ti·</span> <span class='ocrx_word' id='word_1_230' title='bbox 631 3688 725 3765; x_wconf 91' lang='lat' dir='ltr'>Nam</span> <span class='ocrx_word' id='word_1_231' title='bbox 754 3693 799 3765; x_wconf 89' lang='lat' dir='ltr'>de</span> <span class='ocrx_word' id='word_1_232' title='bbox 832 3690 957 3765; x_wconf 90' lang='lat' dir='ltr'>vilibus</span> <span class='ocrx_word' id='word_1_233' title='bbox 977 3690 1120 3787; x_wconf 88' lang='lat' dir='ltr'>quidem</span> <span class='ocrx_word' id='word_1_234' title='bbox 1151 3692 1290 3776; x_wconf 78' lang='lat' dir='ltr'>herbis,</span> <span class='ocrx_word' id='word_1_235' title='bbox 1312 3694 1347 3766; x_wconf 77' lang='lat' dir='ltr'>dt</span> <span class='ocrx_word' id='word_1_236' title='bbox 1371 3718 1451 3793; x_wconf 85' lang='lat' dir='ltr'>quae</span> <span class='ocrx_word' id='word_1_237' title='bbox 1480 3718 1613 3793; x_wconf 82' lang='lat' dir='ltr'>paupe·</span> 
     </span>
     <span class='ocr_line' id='line_1_33' title="bbox 559 3790 1613 3895; baseline 0.01 -33"><span class='ocrx_word' id='word_1_238' title='bbox 559 3815 614 3869; x_wconf 80' lang='lat' dir='ltr'>res</span> <span class='ocrx_word' id='word_1_239' title='bbox 639 3791 809 3865; x_wconf 73' lang='lat' dir='ltr'>deceant,</span> <span class='ocrx_word' id='word_1_240' title='bbox 825 3791 1003 3865; x_wconf 88' lang='lat' dir='ltr'>interdum</span> <span class='ocrx_word' id='word_1_241' title='bbox 1020 3790 1151 3887; x_wconf 82' lang='lat' dir='ltr'>aliquid</span> <span class='ocrx_word' id='word_1_242' title='bbox 1165 3792 1321 3877; x_wconf 84' lang='lat' dir='ltr'>lirmere,</span> <span class='ocrx_word' id='word_1_243' title='bbox 1337 3794 1520 3872; x_wconf 84' lang='lat' dir='ltr'>tolerabile</span> <span class='ocrx_word' id='word_1_244' title='bbox 1534 3796 1613 3895; x_wconf 71' lang='lat' dir='ltr'>est,</span> 
     </span>
     <span class='ocr_line' id='line_1_34' title="bbox 560 3886 1615 3990; baseline 0.01 -26"><span class='ocrx_word' id='word_1_245' title='bbox 560 3892 598 3969; x_wconf 73' lang='lat' dir='ltr'>da</span> <span class='ocrx_word' id='word_1_246' title='bbox 621 3890 694 3966; x_wconf 90' lang='lat' dir='ltr'>hoc</span> <span class='ocrx_word' id='word_1_247' title='bbox 713 3888 904 3985; x_wconf 88' lang='lat' dir='ltr'>aliquando</span> <span class='ocrx_word' id='word_1_248' title='bbox 922 3886 1010 3965; x_wconf 87' lang='lat' dir='ltr'>solet</span> <span class='ocrx_word' id='word_1_249' title='bbox 1033 3888 1118 3964; x_wconf 86' lang='lat' dir='ltr'>fieri.</span> <span class='ocrx_word' id='word_1_250' title='bbox 1152 3898 1197 3968; x_wconf 81' lang='lat' dir='ltr'>rlt</span> <span class='ocrx_word' id='word_1_251' title='bbox 1219 3918 1305 3970; x_wconf 85' lang='lat' dir='ltr'>vero</span> <span class='ocrx_word' id='word_1_252' title='bbox 1327 3890 1456 3990; x_wconf 87' lang='lat' dir='ltr'>species</span> <span class='ocrx_word' id='word_1_253' title='bbox 1471 3918 1615 3983; x_wconf 81' lang='lat' dir='ltr'>emere.</span> 
     </span>
     <span class='ocr_line' id='line_1_35' title="bbox 557 3986 1614 4093; baseline 0.007 -27"><span class='ocrx_word' id='word_1_254' title='bbox 557 3992 595 4068; x_wconf 71' lang='lat' dir='ltr'>dr</span> <span class='ocrx_word' id='word_1_255' title='bbox 616 4013 772 4091; x_wconf 76' lang='lat' dir='ltr'>querere</span> <span class='ocrx_word' id='word_1_256' title='bbox 798 3986 958 4064; x_wconf 87' lang='lat' dir='ltr'>medicos</span> <span class='ocrx_word' id='word_1_257' title='bbox 987 4044 998 4074; x_wconf 92' lang='lat'>,</span> <span class='ocrx_word' id='word_1_258' title='bbox 1035 3995 1196 4088; x_wconf 86' lang='lat' dir='ltr'>accipere</span> <span class='ocrx_word' id='word_1_259' title='bbox 1229 3997 1419 4092; x_wconf 82' lang='lat' dir='ltr'>potiones,</span> <span class='ocrx_word' id='word_1_260' title='bbox 1447 3997 1614 4093; x_wconf 85' lang='lat' dir='ltr'>religioni</span> 
     </span>
     <span class='ocr_line' id='line_1_36' title="bbox 557 4088 1614 4193; baseline 0.004 -25"><span class='ocrx_word' id='word_1_261' title='bbox 557 4092 725 4168; x_wconf 85' lang='lat' dir='ltr'>indecens</span> <span class='ocrx_word' id='word_1_262' title='bbox 749 4090 818 4175; x_wconf 85' lang='lat' dir='ltr'>est,</span> <span class='ocrx_word' id='word_1_263' title='bbox 840 4088 876 4165; x_wconf 82' lang='lat' dir='ltr'>da</span> <span class='ocrx_word' id='word_1_264' title='bbox 895 4093 1114 4167; x_wconf 87' lang='lat' dir='ltr'>contrarium</span> <span class='ocrx_word' id='word_1_265' title='bbox 1138 4096 1614 4193; x_wconf 86' lang='lat' dir='ltr'>puritati,maxitneqneor·</span> 
     </span>
     <span class='ocr_line' id='line_1_37' title="bbox 557 4190 1613 4292; baseline 0.003 -26"><span class='ocrx_word' id='word_1_266' title='bbox 557 4192 649 4268; x_wconf 91' lang='lat' dir='ltr'>dinis</span> <span class='ocrx_word' id='word_1_267' title='bbox 671 4191 809 4278; x_wconf 89' lang='lat' dir='ltr'>nostri,</span> <span class='ocrx_word' id='word_1_268' title='bbox 850 4213 915 4265; x_wconf 90' lang='lat' dir='ltr'>nec</span> <span class='ocrx_word' id='word_1_269' title='bbox 936 4190 1111 4292; x_wconf 81' lang='lat' dir='ltr'>honestati</span> <span class='ocrx_word' id='word_1_270' title='bbox 1129 4201 1329 4292; x_wconf 85' lang='lat' dir='ltr'>congruit,</span> <span class='ocrx_word' id='word_1_271' title='bbox 1359 4217 1425 4270; x_wconf 92' lang='lat' dir='ltr'>nec</span> <span class='ocrx_word' id='word_1_272' title='bbox 1454 4198 1613 4292; x_wconf 85' lang='lat' dir='ltr'>puritati.</span> 
     </span>
     <span class='ocr_line' id='line_1_38' title="bbox 557 4289 1612 4396; baseline 0.002 -27"><span class='ocrx_word' id='word_1_273' title='bbox 557 4289 647 4369; x_wconf 85' lang='lat' dir='ltr'>Haec</span> <span class='ocrx_word' id='word_1_274' title='bbox 671 4296 764 4369; x_wconf 85' lang='lat' dir='ltr'>enim</span> <span class='ocrx_word' id='word_1_275' title='bbox 785 4296 906 4369; x_wconf 87' lang='lat' dir='ltr'>omnia</span> <span class='ocrx_word' id='word_1_276' title='bbox 935 4309 1059 4389; x_wconf 87' lang='lat' dir='ltr'>gentes</span> <span class='ocrx_word' id='word_1_277' title='bbox 1080 4297 1276 4396; x_wconf 85' lang='lat' dir='ltr'>inquirunt·</span> <span class='ocrx_word' id='word_1_278' title='bbox 1302 4295 1439 4371; x_wconf 86' lang='lat' dir='ltr'>Scimus</span> <span class='ocrx_word' id='word_1_279' title='bbox 1459 4312 1612 4381; x_wconf 80' lang='lat' dir='ltr'>autem,</span> 
     </span>
     <span class='ocr_line' id='line_1_39' title="bbox 557 4395 1615 4494; baseline 0.002 -27"><span class='ocrx_word' id='word_1_280' title='bbox 557 4396 640 4488; x_wconf 87' lang='lat' dir='ltr'>quia</span> <span class='ocrx_word' id='word_1_281' title='bbox 667 4396 728 4487; x_wconf 88' lang='lat' dir='ltr'>qui</span> <span class='ocrx_word' id='word_1_282' title='bbox 763 4396 799 4466; x_wconf 92' lang='lat' dir='ltr'>in</span> <span class='ocrx_word' id='word_1_283' title='bbox 829 4416 934 4469; x_wconf 88' lang='lat' dir='ltr'>carne</span> <span class='ocrx_word' id='word_1_284' title='bbox 961 4397 1085 4472; x_wconf 90' lang='lat' dir='ltr'>vivunt</span> <span class='ocrx_word' id='word_1_285' title='bbox 1107 4450 1119 4480; x_wconf 88' lang='lat'><strong>,</strong></span> <span class='ocrx_word' id='word_1_286' title='bbox 1145 4395 1395 4494; x_wconf 82' lang='lat' dir='ltr'>Deo&#39;placere</span> <span class='ocrx_word' id='word_1_287' title='bbox 1429 4418 1506 4471; x_wconf 91' lang='lat' dir='ltr'>non</span> <span class='ocrx_word' id='word_1_288' title='bbox 1532 4396 1615 4490; x_wconf 75' lang='lat' dir='ltr'>pol’.</span> 
     </span>
     <span class='ocr_line' id='line_1_40' title="bbox 554 4490 1616 4591; baseline 0.007 -26"><span class='ocrx_word' id='word_1_289' title='bbox 554 4490 719 4586; x_wconf 54' lang='grc' dir='ltr'>[ωιτη.</span> <span class='ocrx_word' id='word_1_290' title='bbox 753 4492 801 4573; x_wconf 89' lang='lat' dir='ltr'>Et</span> <span class='ocrx_word' id='word_1_291' title='bbox 822 4490 996 4569; x_wconf 87' lang='lat' dir='ltr'>Sermone</span> <span class='ocrx_word' id='word_1_292' title='bbox 1022 4514 1054 4567; x_wconf 90' lang='lat' dir='ltr'>r.</span> <span class='ocrx_word' id='word_1_293' title='bbox 1083 4498 1122 4573; x_wconf 86' lang='lat' dir='ltr'>in</span> <span class='ocrx_word' id='word_1_294' title='bbox 1146 4500 1314 4580; x_wconf 73' lang='lat' dir='ltr'>cantica,</span> <span class='ocrx_word' id='word_1_295' title='bbox 1338 4497 1374 4571; x_wconf 92' lang='lat' dir='ltr'>in</span> <span class='ocrx_word' id='word_1_296' title='bbox 1400 4495 1456 4573; x_wconf 89' lang='lat' dir='ltr'>illa</span> <span class='ocrx_word' id='word_1_297' title='bbox 1478 4497 1616 4591; x_wconf 62' lang='lat' dir='ltr'>rerbaae</span> 
     </span>
    </p>
   </div>
   <div class='ocr_carea' id='block_1_4' title="bbox 1485 4592 1653 4692">
    <p class='ocr_par' dir='ltr' id='par_1_7' title="bbox 1485 4592 1653 4692">
     <span class='ocr_line' id='line_1_41' title="bbox 1485 4592 1653 4692; baseline 0.006 0"><span class='ocrx_word' id='word_1_298' title='bbox 1485 4592 1653 4692; x_wconf 64' lang='lat' dir='ltr'>aar·</span> 
     </span>
    </p>
   </div>
   <div class='ocr_carea' id='block_1_5' title="bbox 0 0 1900 5375">
    <p class='ocr_par' dir='ltr' id='par_1_8' title="bbox 0 0 1900 5375">
     <span class='ocr_line' id='line_1_42' title="bbox 0 0 1900 5375; baseline 0 1"><span class='ocrx_word' id='word_1_299' title='bbox 0 0 1900 5375; x_wconf 95' lang='lat' dir='ltr'> </span> 
     </span>
    </p>
   </div>
  </div>
 </body>
</html>
