3792 5375
466 521 542 616 De
569 467 706 641 primo
724 523 928 643 Decalogi
942 543 1163 645 praecepto.
1281 553 1357 636 341

300 701 363 777 bet
397 719 473 774 eum
496 696 647 774 tolerare
669 700 843 794 patienter
863 754 873 783 .
900 698 924 776 u
947 698 1123 797 expediat·
1148 695 1364 794 Huiusmodi

304 805 402 877 enim
417 815 596 896 praecepta
623 802 800 898 patientia
818 799 1047 897 intelligenda
1061 802 1140 877 lunt
1169 801 1363 876 secundum

306 916 600 998 praeparationem
634 902 761 984 ammi,
785 917 826 983 ut
857 908 892 982 S,
910 896 1044 994 auguli,
1067 901 1153 977 dicit
1166 901 1225 976 lib.
1249 914 1282 967 1·
1306 901 1363 970 De

301 1007 454 1072 serenant
491 1001 632 1070 Domini
655 1003 690 1069 in
713 1022 849 1090 monte,
868 1024 945 1100 cap.
961 1018 1022 1099 24
1037 1055 1085 1092 „„

1377 1069 1525 1134 Patientia
1540 1072 1545 1091 '

315 1179 323 1190 ἱ
360 1095 496 1196 Legem
512 1098 647 1193 praestat
659 1097 916 1188 Tertullianum,
931 1104 1024 1180 libro
1035 1104 1089 1172 De
1103 1099 1289 1180 Patientia,
1300 1056 1360 1173 ubi
1375 1146 1535 1211 christiano

304 1202 395 1277 inter
410 1200 474 1276 alia
495 1199 674 1292 praeclara,
692 1199 765 1276 haec
778 1199 884 1278 habet
898 1226 906 1276 :
922 1259 943 1293 ‚‚
956 1258 977 1292 ‚‚
992 1201 1077 1298 'Qui
1103 1198 1222 1275 damni
1248 1220 1358 1293 rmpa·
1374 1223 1483 1292 officie.

306 1303 428 1379 tientia
445 1303 664 1384 concitatur,
692 1316 826 1378 terrena
850 1303 1051 1384 cmlellibut
1076 1296 1360 1393 anteponendo·

305 1401 351 1477 de
369 1403 539 1498 proximo
554 1400 589 1472 io
604 1395 726 1476 Deum
751 1418 886 1496 peccat.
917 1401 1089 1499 Spiritum
1110 1402 1204 1476 enim
1221 1451 1229 1476 .
1249 1419 1359 1500 quem

305 1494 688 1593 aDominolumpstt,
705 1497 862 1577 secularis
885 1507 933 1578 rei
956 1504 1065 1600 gratia
1078 1504 1251 1576 concutit.
1297 1495 1377 1593 Ua

309 1604 433 1676 bentes
461 1600 568 1694 igitur
589 1615 725 1676 terrena
749 1603 950 1679 amittamus
973 1657 983 1688 ,
1006 1601 1159 1679 coelellia
1184 1618 1357 1676 tueamur·

308 1698 450 1776 'lotum
470 1700 553 1771 licet
571 1696 726 1773 seculum
752 1719 894 1795 pereat,
922 1703 1008 1777 dum
1029 1704 1232 1795 patientiam
1251 1698 1358 1774 lucri.

308 1800 444 1876 faciam.
470 1792 550 1896 Jam
576 1801 635 1892 qui
663 1805 842 1877 minutum
867 1800 925 1876 fibi
938 1799 1070 1899 aliquid
1085 1816 1145 1875 aut
1165 1799 1357 1878 summanr
1450 1883 1452 1894 ,

309 1904 365 1984 vi,
382 1904 559 1972 autetiam
584 1897 722 1993 ignauia
736 1923 809 1975 non
823 1902 1023 1976 constanter
1051 1883 1213 1974 liastinere
1227 1896 1357 1972 consti-

311 2000 403 2085 tuit;
419 1999 612 2081 nelcio‚an
634 1994 754 2084 facile,
776 1999 829 2074 vel
842 2024 887 2076 ex
900 2005 1020 2076 animo
1039 1998 1109 2094 iple
1131 2002 1178 2072 rei
1198 1996 1265 2072 luae
1282 2017 1364 2070 mam

309 2119 398 2176 num
418 2093 543 2174 inferre
566 2092 677 2190 pollet
696 2102 732 2172 in
754 2099 851 2176 caula
880 2097 1123 2197 eleemosynae.
1151 2095 1244 2192 Quis
1259 2099 1356 2173 enim

309 2201 353 2274 ab
376 2195 445 2270 alio
468 2194 570 2271 secari
587 2198 1118 2294 omninonon·iullinens‚ipie
1134 2198 1356 2274 fertumcor-

309 2298 391 2394 pori
406 2294 467 2373 liro
487 2293 586 2372 ducit
612 2296 627 2371 i
654 2294 821 2380 Patientia
844 2302 878 2374 io
901 2299 1119 2376 detrimentis
1150 2295 1357 2374 exercitatio

309 2400 359 2473 est
380 2396 571 2496 largiendi,
595 2397 632 2471 dc
658 2399 960 2478 communicandi.
990 2398 1076 2475 Non
1097 2402 1194 2498 piget
1221 2396 1356 2480 donato

310 2519 412 2581 eum,
442 2499 503 2593 qui
533 2518 607 2569 oon
643 2499 744 2571 timet
768 2498 923 2588 perdere.
965 2501 1134 2600 Alioquin
1161 2495 1356 2595 quomodo

311 2600 397 2671 duas
418 2597 547 2670 habens
567 2597 702 2671 tunicas
718 2651 728 2681 ,
742 2599 1015 2676 alteramearum
1036 2599 1136 2680 nudo
1157 2597 1274 2676 dabit,
1294 2592 1357 2670 nifi

310 2701 407 2773 idem
424 2697 481 2778 lit,
499 2697 559 2790 qui
581 2696 749 2773 auferenti
775 2703 929 2775 tunicam
943 2705 1068 2778 ‚etiam
1089 2698 1232 2797 pallium
1251 2693 1360 2770 offer.

311 2822 350 2873 re
373 2793 567 2893 pufflt?··.
599 2794 730 2871 tulta
757 2797 854 2874 servo
866 2798 993 2876 Christi
1017 2802 1086 2876 tale
1113 2800 1360 2892 inquinamen-

311 2914 390 2975 tum
405 2940 415 2972 t
429 2913 466 2971 nt
493 2898 656 2992 patientia
679 2899 873 2990 majoribus
896 2901 1151 2978 tentationibus
1171 2910 1363 2995 preparata

312 3001 348 3074 in
371 2997 504 3072 l'rivolis
526 2997 685 3079 excidat,
702 3000 760 3071 &c
788 3054 808 3087 „
828 3048 863 3089 ‚‚.

362 3098 408 3167 Et
423 3092 510 3177 inira
525 3115 534 3170 ε
548 3152 568 3185 ,,
580 3151 601 3185 ,,
618 3092 673 3169 Est
686 3096 769 3170 alius
781 3099 1007 3192 iurpatientiae
1021 3098 1178 3174 stimulus
1193 3142 1201 3168 t
1217 3092 1363 3171 ultionis

314 3197 437 3281 libido,
455 3198 640 3291 negotium
658 3219 782 3271 curans
795 3216 854 3272 aut
870 3200 993 3292 gloriae
1003 3214 1062 3274 aut
1075 3198 1225 3272 malitiae.
1246 3192 1364 3271 Sed&

314 3299 428 3398 gloria
452 3300 574 3392 utique
598 3319 705 3376 vane,
719 3298 752 3368 dr
767 3299 895 3372 nralitia
910 3322 1094 3397 nunquam
1112 3320 1186 3375 noo
1199 3293 1367 3369 i)omino

316 3398 458 3474 odiali,
475 3396 546 3470 hoc
569 3397 712 3490 quidem
740 3396 822 3471 loco
846 3401 1001 3472 maxime
1016 3455 1023 3471 ‚
1036 3420 1119 3473 eum
1138 3396 1276 3469 alterins
1293 3416 1368 3465 ma·

314 3496 385 3572 litia
410 3516 604 3590 provocata
625 3549 633 3572 ‚
653 3494 869 3590 superiorem
890 3500 921 3573 le
941 3500 977 3571 in
1003 3495 1211 3596 exequenda
1232 3492 1370 3570 ultione

268 3624 280 3637 ⁴
315 3597 497 3673 constituit
515 3650 524 3680 ,
544 3597 577 3668 dr
600 3618 826 3670 remunerans
866 3619 1019 3695 nequam
1048 3595 1236 3693 duplicat,
1268 3588 1371 3689 quod

315 3696 418 3770 semel
440 3694 568 3771 initum
588 3696 648 3771 eli·
677 3693 774 3770 Ultio
797 3719 903 3789 penes
933 3719 1089 3771 errorem
1107 3695 1291 3771 ‚solatium
1322 3695 1374 3764 vi·

315 3796 418 3870 detur
445 3795 579 3869 doloris
611 3814 622 3881 3
648 3818 755 3886 penes
784 3796 969 3871 'veritatem
996 3846 1005 3876 ‚
1029 3813 1124 3872 certe
1148 3796 1373 3884 redarguitur
1437 3858 1439 3863 .
1469 3878 1472 3882 Ι

318 3895 555 3988 malignitatis.
588 3894 688 3991 Quid
714 3898 808 3979 enim
839 3895 945 3974 refert
974 3899 1063 3971 inter
1087 3908 1373 3996 provocantem,

318 3997 352 4067 tlt
367 4012 629 4090 provocatum,
648 3991 708 4067 nisi
725 3996 824 4088 quod
854 3996 908 4069 ille
931 4001 1027 4089 prior
1049 4000 1082 4069 in
1101 3993 1274 4069 malelicio
1314 3988 1375 4060 de·
1461 4083 1463 4088 ,

315 4094 547 4189 prehenditur
571 4148 580 4177 ‚
604 4093 711 4168 atille
736 4093 938 4188 posteriori
966 4095 1105 4173 Tamen
1131 4112 1280 4186 uterque
1307 4082 1375 4164 leli

322 4195 477 4269 hominis
506 4192 684 4268 Dominus
706 4215 783 4269 reus
813 4193 861 4266 eil
891 4241 961 4283 „„.

373 4294 578 4362 (irritarem
603 4298 719 4383 granis
742 4294 951 4379 impatientia
978 4291 1158 4381 extinguit.
1190 4342 1246 4376 „,‚
1277 4283 1374 4365 Nam

322 4390 462 4468 dileetio
484 4392 659 4469 iunrmum
685 4389 765 4472 fidei
784 4387 1076 4477 Sacramentum,
1108 4386 1283 4466 christiani
1306 4409 1375 4460 no-

321 4493 424 4571 minis
452 4493 649 4576 eliciturus,
674 4514 780 4592 quam
809 4489 1000 4675 onstolus
1023 4493 1106 4573 tutis
1122 4491 1253 4571 uiribus
1270 4488 1378 4573 loiri.

868 4611 894 4685 4
1270 4603 1327 4665 tus
