3792 5375
483 519 555 620 De
581 526 720 640 primo
734 518 939 662 Decalogi
963 534 1187 644 praecepte.
1229 569 1231 574 ·
1280 547 1371 637 499

312 720 414 799 eque
433 696 533 797 digni
558 699 842 794 competitores,
871 699 1145 780 contentionem
1168 697 1264 778 sorte
1285 698 1371 776 diri.
1423 693 1430 707 '

312 823 411 880 mere
432 799 573 884 licebit,
591 794 786 876 secondum
811 795 900 879 illud
916 794 1027 879 Pror.
1048 816 1111 893 27.
1126 800 1369 876 contraraie.

313 924 370 976 ares
393 899 578 987 comprimit
599 894 682 983 stus.

364 998 401 1075 Si
426 1021 511 1078 aero
532 993 711 1081 necessitas
737 996 952 1084 immineat,
972 998 1009 1074 in
1042 996 1115 1076 aliie
1136 1000 1243 1077 etiam
1272 1018 1370 1080 non.

313 1099 419 1179 nullia
442 1097 576 1175 casibus
592 1097 729 1173 licitum
754 1097 803 1173 est
822 1118 907 1174 cum
929 1095 1048 1175 debita
1061 1099 1368 1192 reverentiasorti·

313 1202 382 1278 bus
410 1199 571 1281 divinum
592 1197 765 1287 judicium
791 1195 993 1293 implorare·
1036 1195 1143 1275 Unde
1169 1206 1201 1271 S.
1228 1197 1366 1295 Augus.

276 1367 279 1372 .
315 1299 424 1396 Epist.
438 1310 523 1384 228.
534 1298 614 1374 alias
630 1308 709 1382 180.
726 1294 770 1371 ad
782 1299 993 1367 Honoratum
1008 1295 1209 1394 scribite„
1229 1298 1265 1378 Si
1274 1303 1370 1382 inter
1485 1303 1493 1315 ’

315 1397 388 1482 Dei
421 1397 597 1481 ministros
622 1395 664 1473 fit
684 1393 921 1489 disceptatio(
945 1415 1089 1491 tempore
1113 1397 1241 1486 seilicet
1260 1399 1370 1495 persa.

314 1497 491 1589 curionis)
512 1499 574 1595 qui
593 1518 719 1573 eorum
739 1512 924 1580 maneant,
947 1521 992 1573 ne
1010 1496 1097 1596 fuga
1113 1496 1156 1577 fit
1180 1502 1370 1590 omnium.

315 1596 353 1678 tr
371 1600 433 1697 qui
451 1620 578 1680 eornm
594 1595 732 1694 fugiant
754 1650 766 1682 ,
794 1620 840 1671 ne
857 1612 976 1675 morte
999 1600 1165 1677 omnium
1192 1601 1372 1682 deseratur

316 1696 483 1784 Eccleia·
509 1695 597 1773 Tale
622 1700 756 1795 quippe
775 1712 956 1774 certamen
982 1702 1049 1774 erit
1069 1701 1161 1779 inter
1188 1723 1281 1789 eoa,
1307 1704 1371 1780 ubl

316 1804 462 1896 utrique
482 1795 641 1874 ferveant
664 1795 835 1872 charitate
851 1841 862 1875 ,
877 1798 914 1871 de
937 1800 1080 1895 utrique
1105 1798 1264 1896 placeant
1285 1799 1379 1880 cha·¹
1482 1839 1485 1846 ·

316 1900 425 1976 ritati.
450 1895 545 2000 Quae
574 1895 781 1990 disceptatio
802 1893 826 1969 sr
850 1894 948 1972 aliter
969 1920 1047 1976 non
1072 1902 1229 1996 potuerit
1249 1902 1373 1977 termi-
1432 1968 1436 1981 .

315 2003 392 2077 nari
411 2012 609 2094 ‚quantum
629 1995 716 2071 mihi
738 1993 876 2075 videtur
899 2050 911 2083 ‚
932 1999 997 2093 qui
1025 2015 1213 2076 maneant,
1240 2000 1276 2073 &
1304 2001 1370 2098 qui

315 2098 476 2196 fugiant,
498 2094 590 2174 sorte
609 2094 749 2193 legendi
765 2093 843 2171 sunt
863 2149 930 2189 „„.
955 2093 1066 2174 Etlib.
1097 2115 1130 2169 1.
1152 2099 1208 2169 De
1223 2096 1372 2172 andrina

316 2192 493 2279 christiana
507 2252 518 2283 ,
531 2219 608 2294 cap.
626 2203 684 2270 28.
699 2193 834 2274 scribit:
868 2249 890 2285 „
902 2251 925 2288 „
943 2194 980 2272 Si
1005 2199 1069 2275 tibi
1091 2193 1287 2275 abundaret
1307 2197 1378 2277 alta

316 2296 427 2397 quid,
449 2297 549 2395 quod
562 2298 636 2398 dari
654 2309 840 2395 oporteret
855 2297 908 2379 ei.
937 2298 1089 2400 quinon
1114 2297 1281 2384 haberet.
1300 2321 1370 2380 nee

314 2398 458 2478 duobus
472 2399 546 2474 dati
561 2392 699 2491 posset,
727 2392 752 2471 fi
772 2396 835 2471 tibi
849 2412 1079 2475 occurrerent
1097 2398 1192 2484 duo.
1210 2420 1370 2494 quorum

314 2498 562 2576 neuteralium
585 2496 641 2572 vel
663 2493 858 2593 indigentia
879 2548 890 2581 ,
928 2495 982 2571 vel
1007 2514 1148 2594 ergata
1174 2497 1288 2597 aliqua
1308 2523 1372 2575 ne.

316 2594 730 2684 ceffitudinesuperaret.
760 2592 847 2671 nihil
866 2593 989 2690 justius
1012 2595 1163 2684 faceres,
1192 2620 1300 2694 quam
1330 2613 1372 2677 ut

314 2695 409 2775 sorte
428 2697 582 2878 legfferes,
608 2699 666 2776 cui
679 2693 838 2772 dandum
861 2693 969 2783 elset,
999 2699 1102 2794 quod
1128 2702 1269 2796 utrique
1294 2698 1372 2776 dari

315 2820 393 2879 non
419 2820 469 2896 po
499 2812 613 2888 et„‚,.

366 2897 653 2995 Superstitiosum
684 2894 734 2970 eu
756 2892 896 2976 fututor
933 2908 1081 2972 eventus
1101 2917 1147 2971 ex
1181 2893 1374 2993 Scripturia

316 2994 442 3084 sacris,
463 3012 524 3074 aut
545 2994 759 3094 quibuslibet
781 2996 875 3071 libris
894 2996 1087 3089 inquirere,
1107 2996 1217 3072 dallo
1232 3020 1277 3073 err
1295 3019 1376 3072 ver.

315 3094 393 3175 bie,
419 3120 500 3194 quae
539 3097 631 3175 sorte
665 3098 914 3179 octonarium
937 3097 1100 3188 augurio·
1137 3092 1242 3172 Unde
1272 3095 1376 3174 Con·
1450 3144 1456 3165 s

316 3195 437 3277 cilium
456 3197 656 3296 Agathense
673 3218 769 3273 anno
797 3193 877 3286 506.
895 3218 972 3271 can·
999 3211 1060 3292 42·
1084 3193 1183 3270 hunc
1197 3195 1295 3273 usum
1310 3218 1376 3273 ex·

316 3295 434 3394 preliis
458 3300 571 3379 verbis
595 3296 753 3377 damnat
769 3350 791 3387 ,‚
806 3350 827 3387 „
849 3297 901 3374 tlc
922 3318 967 3369 ne
992 3297 1026 3368 id
1054 3292 1196 3371 sortasse
1215 3294 1376 3373 videatur

317 3395 514 3478 omissum,
541 3398 642 3496 quod
664 3398 819 3471 maxime
846 3393 955 3471 sidem
976 3393 1163 3471 catholicae
1194 3394 1375 3490 religioni·

315 3499 455 3575 infestat
476 3541 487 3576 2
506 3498 609 3593 quod
634 3496 803 3592 aliquanti
824 3494 978 3573 Clerici,
1003 3491 1074 3569 sive
1116 3493 1196 3570 laici
1233 3495 1376 3575 student

319 3600 501 3694 auguriis,
529 3599 565 3673 dr
588 3599 649 3674 iub
686 3597 834 3671 nomine
866 3593 954 3672 litiae
982 3591 1162 3691 religionis
1198 3618 1259 3690 pet
1294 3619 1378 3676 eas·

317 3719 405 3792 quas
427 3696 637 3775 Saniiorum
651 3695 759 3773 sortes
777 3709 910 3772 vocant
923 3749 933 3780 ,
947 3696 1175 3771 divinationis
1197 3695 1375 3774 scientiam

316 3794 565 3975 profitentur,
602 3811 664 3875 aut
700 3818 997 3896 quarumcunque
1022 3792 1284 3895 Scripturarum
1322 3799 1378 3872 in.

333 3895 495 3993 pellione
516 3896 633 3975 sutura
658 3898 877 3992 promittunt
902 3915 914 3982 ;
943 3896 1016 3972 boc
1037 3900 1244 3991 quicunque
1264 3894 1378 3971 Cleri·

318 4020 403 4082 cua,
422 4012 484 4075 aut
513 3996 619 4073 laicus
643 3997 800 4072 deterius
823 3997 927 4074 suerit
944 3995 998 4071 vel
1023 3993 1378 4075 consulere2veldo·

315 4102 424 4192 ζετο,
449 4097 493 4173 ab
518 4095 669 4173 Ecclesia
691 4095 859 4171 habeatur
882 4110 1072 4194 extraneus
1087 4149 1155 4183 „,‚.
1199 4089 1377 4169 liumdem

316 4197 420 4275 usum
442 4196 505 4275 sub
528 4220 636 4295 poena
661 4195 1046 4276 excommunicationis
1067 4192 1251 4288 prohibuit
1274 4190 1372 4274 Con.

322 4296 444 4374 cilium
464 4293 709 4373 Aurelianense
737 4317 766 4367 1.
790 4290 942 4373 Canone
955 4310 1013 4383 30.
1036 4290 1136 4368 idem
1156 4290 1278 4370 Caroli
1304 4316 1383 4373 me..

318 4399 383 4494 gni
403 4398 607 4493 capitularia
627 4408 749 4474 vetant
769 4404 965 4488 ann0789.
982 4391 1036 4468 hie
1058 4392 1173 4468 verbis
1187 4414 1196 4469 a
1209 4390 1256 4467 Ur
1273 4393 1380 4465 aulae

317 4497 354 4572 ia
369 4493 615 4589 Psalttrr'matl
643 4500 680 4568 in
706 4493 888 4670 dvrrlngelio
901 4543 914 4581 ,
945 4493 1000 4567 eal
1024 4491 1061 4566 ira
1085 4490 1163 4568 aliie
1189 4488 1284 4568 rebat
1310 4492 1384 4580 sot·
1489 4534 1491 4539 ·
1637 4576 1640 4581 ,

813 4615 825 4670 1
854 4613 873 4688 3
1041 4687 1044 4692 ι
1252 4595 1322 4667 rire
