3792 5375
430 523 500 613 De
527 522 664 642 primo
694 519 897 639 Decologi
933 540 1158 646 praepes.
1243 552 1354 636 „355

291 678 424 777 borant
442 697 543 771 omni
564 716 695 790 genere
720 695 806 772 vitii.
835 695 888 775 Ita
909 696 1015 776 fimus
1032 679 1272 777 misericordes
1288 746 1297 779 ,
1312 700 1352 777 8r

290 801 457 898 begeat,
482 797 512 870 ei
535 794 586 871 ser
612 817 733 890 opem.
758 792 794 871 Si
816 798 1123 878 omnibusdemua
1143 799 1352 876 indiscrimi-

293 907 428 984 natim,
449 894 584 989 semper
613 894 882 988 nriseeebimur3
912 896 963 975 lin
991 913 1110 977 autem
1135 902 1351 997 coeperimur

296 996 366 1084 eise
385 994 531 1081 curiosi,
557 1017 743 1090 nunquam
757 994 1006 1075 miserebimur.
1033 997 1213 1077 Celsemus
1227 1001 1270 1076 ab
1285 999 1353 1078 bac

292 1100 521 1193 importuna,
544 1092 713 1178 satanica,
748 1095 996 1192 &perniciosa
1013 1098 1225 1176 curiositate·
1250 1098 1350 1175 Nam

292 1198 370 1276 srse
395 1199 432 1273 in
461 1193 634 1279 Clerum,
661 1198 739 1292 quis
768 1196 862 1272 dicat
892 1194 961 1281 else
982 1200 1156 1276 relatum,
1185 1213 1247 1276 aut
1269 1200 1292 1275 li
1315 1196 1349 1273 le

291 1300 458 1376 nominet
489 1293 756 1379 Sacerdotem,
782 1296 969 1392 diligenter
1007 1302 1156 1394 inquire.
1185 1298 1273 1377 Non
1297 1296 1349 1380 est
1429 1349 1433 1356 ·

292 1401 388 1475 enim
404 1418 531 1493 expers
545 1394 711 1491 periculi,
733 1417 812 1494 quae
827 1399 912 1472 citra
928 1421 1078 1476 examen
1105 1400 1174 1476 illic
1192 1399 1232 1475 lit
1245 1421 1350 1475 com·
1476 1459 1480 1468 ,

292 1500 433 1576 munio.
460 1493 518 1571 De
538 1497 642 1570 rebus
668 1498 765 1571 enim
781 1500 919 1594 magnis
945 1498 995 1573 est
1020 1500 1230 1596 periculum·
1257 1497 1348 1576 Nou

292 1602 390 1676 enim
411 1596 489 1680 das,
512 1591 570 1669 sed
597 1596 736 1691 accipis.
781 1595 842 1673 Sin
876 1615 995 1673 autem
1021 1599 1345 1696 egeat'alinaento,

293 1697 383 1775 nihil
404 1695 574 1777 scruteris·
600 1691 757 1792 Exquire
777 1698 970 1794 quomodo
992 1698 1169 1778 Abraham
1191 1699 1222 1775 se
1247 1698 1347 1774 exhi·

293 1800 395 1875 beret
414 1793 622 1896 hospitalem
633 1796 667 1877 in
682 1818 832 1881 omnes,
852 1800 913 1893 qui
926 1797 1150 1876 accedebant·
1176 1797 1267 1875 Side
1281 1800 1346 1876 iis·

294 1901 358 1997 qui
372 1897 414 1972 ad
439 1895 554 1991 ip'l'um
572 1893 853 1991 confugiebant,
888 1898 1023 1973 curiose
1048 1896 1131 1975 esset
1152 1898 1344 1986 scrutatus,

293 1996 451 2094 hospitio
479 2018 554 2070 non
578 1991 767 2088 excepisset
786 1995 952 2094 Angelos.
978 1994 1133 2074 Fortasse
1148 2004 1244 2073 enim
1268 2019 1347 2075 noo

291 2099 493 2182 existimaus
508 2117 569 2169 eos
584 2090 650 2167 else
665 2096 844 2190 Angelos,
864 2119 947 2172 cum
977 2098 1120 2193 Angelis
1142 2096 1229 2173 alios
1252 2119 1346 2191 quo·

294 2220 367 2295 que
385 2192 578 2291 expulisset.
607 2193 676 2269 Sed
693 2199 863 2293 quoniam
876 2218 1004 2274 omnes
1028 2199 1228 2295 excipiebat
1251 2219 1345 2276 ‚ex-

294 2301 393 2393 cepit
408 2300 512 2372 etiam
537 2294 773 2390 Angelos„‚,.

345 2394 391 2473 Et
402 2392 560 2480 Humilia
575 2413 638 2473 20.
658 2397 694 2469 in
713 2392 818 2490 Epist.-
838 2393 882 2471 ad
899 2393 1086 2473 Romanos
1104 2417 1115 2466 r
1141 2450 1195 2487 „„
1214 2392 1345 2495 Neque

295 2509 338 2574 tu
356 2518 528 2593 pauperes
553 2493 688 2571 curiose
704 2497 869 2593 inquiras.
895 2494 1045 2593 Propter
1056 2497 1235 2574 Christum
1250 2499 1346 2573 enim

295 2596 376 2672 illos
402 2595 554 2690 suscipis.
583 2592 920 2695 Quodfiperpetuo
935 2596 1072 2674 curiose
1083 2594 1346 2673 scrutaturuser

296 2720 467 2794 pauperes
484 2739 491 2769 2
508 2694 568 2769 fiet
582 2751 591 2779 ‚
604 2712 643 2771 ut
658 2695 744 2791 sepe
757 2720 907 2772 numero
920 2700 1112 2794 probatum
1127 2718 1248 2773 coram
1261 2694 1347 2771 Deo

295 2799 411 2879 virum
430 2796 736 2893 praetergrediare,
767 2797 1072 2895 mercedemque,
1103 2819 1211 2893 quam
1233 2815 1347 2871 exeo

295 2896 481 2982 habiturus
499 2919 593 2970 eras,
617 2897 816 2990 perdas„‚,.
1438 2886 1442 2905 “

350 2995 515 3074 Eanrdem
536 2993 708 3089 Regulam
739 2993 929 3072 confirmat
946 3000 980 3078 80
995 2989 1128 3089 Augus.
1151 2993 1262 3070 Serm·
1286 3009 1346 3087 4¹.

294 3096 375 3172 alias
394 3119 451 3171 rr.
472 3116 517 3178 err
529 3099 629 3170 editis
648 3120 665 3170 a
687 3095 893 3171 Sirmondo·
929 3151 952 3186 ‚,
965 3152 987 3187 ‚,
1003 3094 1110 3172 Forte
1125 3099 1143 3191 (
1153 3090 1287 3188 inquit)
1303 3091 1349 3168 de

297 3197 359 3271 illo
373 3217 536 3293 paupere,
550 3218 659 3292 quem
671 3194 842 3289 suscepisti
859 3198 896 3268 in
911 3194 1063 3272 domum
1082 3210 1194 3280 tuam,
1209 3193 1350 3272 dubitat

295 3296 548 3393 aliquantum,
571 3297 606 3367 dr
635 3294 766 3370 haesrtat
793 3297 932 3370 animus
962 3310 1064 3378 tuus.
1098 3311 1219 3371 utrum
1243 3313 1350 3375 verax

294 3395 412 3471 homo
432 3393 492 3469 sit,
506 3418 549 3468 an
565 3393 794 3488 sortelallax,
814 3392 1017 3480 simulator,
1038 3393 1247 3495 hypocrita;
1266 3394 1351 3467 tiru-

293 3498 354 3571 bat
374 3499 513 3570 unimus
543 3499 576 3568 in
603 3494 760 3570 faciendo
794 3493 1027 3571 misericordia
1053 3519 1064 3587 ;
1092 3499 1265 3592 quonlam
1285 3512 1350 3569 cot

295 3595 465 3691 inspicere
483 3618 556 3669 non
571 3608 684 3690 potes.
712 3595 826 3671 Fac&
860 3618 943 3673 cum
967 3593 1084 3677 malo,
1107 3613 1147 3672 ut
1170 3595 1349 3692 pervenias

295 3696 388 3775 &ad
404 3697 553 3770 bonum.
584 3692 660 3786 Qui
680 3699 802 3780 timet,
817 3719 860 3771 ne
874 3697 968 3771 bona
982 3695 1035 3772 sua
1056 3694 1184 3771 semina
1199 3700 1234 3769 in
1256 3697 1347 3780 vias,

296 3798 335 3872 in
356 3794 486 3888 spinas,
501 3799 535 3868 in
552 3795 682 3890 lapides
702 3794 890 3880 caderent,
911 3798 1010 3897 piget
1021 3793 1183 3873 seminare
1199 3795 1352 3899 hyenae,

293 3892 479 3973 senaluavlt
507 3894 621 3970 iestate
640 3951 660 3984 „
676 3950 709 3984 ‚,.
1203 3932 1205 3937 ·

348 3992 578 4090 Quamquam
612 4001 740 4076 caecis,
765 3993 938 4070 debilibus
965 4034 974 4067 2
1012 3993 1142 4075 claudis
1164 4045 1174 4075 ,
1204 3989 1347 4084 pueris,

294 4092 433 4171 senibus
446 4149 456 4181 ,
470 4096 650 4169 destitutis,
668 4095 844 4190 praecipue
858 4093 1036 4183 eroganda
1050 4092 1090 4166 srt
1103 4086 1323 4193 eleemosyna
1338 4109 1348 4162 t

308 4250 350 4285 „,
367 4196 466 4291 Quid
498 4193 661 4287 personas
689 4192 827 4287 eligis?
853 4194 953 4283 Quid
980 4195 1138 4267 membra
1169 4184 1351 4284 inspicis?

294 4250 367 4369 s'ro
381 4297 528 4369 homine
543 4297 602 4367 tibi
617 4291 798 4375 habendus
814 4291 881 4375 eli,
905 4290 1059 4384 quisquis
1073 4289 1155 4363 ideo
1175 4301 1350 4381 precatur,

297 4396 380 4486 quia
405 4411 440 4468 te
462 4395 646 4467 hominem
664 4407 778 4488 putet·
808 4392 930 4483 Abjice
956 4390 1096 4463 umbras
1115 4386 1208 4470 illas,
1230 4386 1354 4477 iuraui·
1457 4396 1462 4403 “

294 4516 453 4595 nemque
474 4494 764 4595 initiumque
782 4494 898 4673 {slim
918 4510 1039 4572 vetaur
1065 4541 1076 4582 .
1103 4482 1358 4669 &expensam

844 4607 864 4683 3
1249 4608 1307 4663 ae.
