3792 5375
494 491 729 645 De'primo
759 510 963 642 Deculogi
984 541 1205 648 praecepto.¹
1290 555 1377 638 509

302 769 330 796 ,,
369 703 417 780 Be
425 699 494 796 pud
506 720 630 794 pauca:
657 758 680 794 „
695 756 717 791 „
743 700 945 798 Aliiautem
972 704 1085 776 rursm
1107 703 1285 799 applicant
1309 726 1377 780 no·

317 809 415 883 mina
433 804 626 881 fluviorum
654 858 664 886 ,
690 802 809 877 &aiio
828 801 1254 879 audent-innumerabilia.
1283 797 1376 880 Ecca

322 906 429 991 dico,
453 907 490 981 &
511 906 669 1000 praedico
690 903 792 976 vobis
813 901 999 984 omnibus,
1030 899 1132 993 quod
1158 897 1376 998 fi-quispitm
1485 913 1487 918 '

319 1005 424 1084 fuerit
437 1000 675 1100 deprehensus
691 1055 700 1083 ,
715 1022 789 1075 non
808 1021 950 1096 parcam
976 1000 1126 1084 iterum,
1149 993 1220 1074 fite
1241 998 1375 1076 amule-

323 1120 425 1191 tum,
441 1103 512 1180 five
523 1101 825 1186 incantationem,
843 1097 912 1175 sire
927 1098 1123 1192 hujutartis
1134 1097 1265 1196 aliquid
1277 1097 1373 1178 aliud

323 1205 436 1280 iaciat·
452 1202 554 1295 Quid
570 1200 681 1276 vcro?
697 1197 875 1274 Morietur
892 1199 907 1286 (
922 1204 1032 1294 inquit
1048 1198 1196 1285 >infant
1213 1198 1248 1275 st
1265 1196 1311 1274 fic
1322 1202 1373 1283 vi,-

321 1301 415 1379 xerit
431 1358 441 1387 ,
457 1323 545 1378 tunc
568 1304 750 1375 morietur·
777 1296 966 1390 sinautem
978 1298 1109 1396 absque
1125 1300 1189 1374 illis
1208 1316 1373 1376 mortuus

321 1403 546 1483 flamineum
563 1403 661 1475 vivit·
687 1396 721 1473 Si
737 1398 864 1474 viderie
875 1396 986 1476 filium
1000 1398 1192 1475 versantem
1203 1421 1286 1476 cum
1299 1421 1374 1475 me·

322 1504 535 1584 retricibus,
554 1518 656 1591 optas
686 1520 768 1573 eum
795 1501 831 1574 in
854 1511 944 1574 terea
975 1495 1173 1577 inioffum2
1199 1502 1235 1575 de
1259 1499 1372 1574 dicis:

321 1600 424 1696 Quid
442 1604 472 1675 ei
487 1599 630 1696 prodest
646 1595 788 1675 vivere?
805 1595 941 1674 Videos
963 1614 1083 1676 autem
1107 1621 1189 1675 eum
1202 1602 1322 1676 venire
1335 1601 1373 1675 iu

321 1700 521 1798 periculum
542 1698 656 1776 salutis
673 1697 976 1782 ,visvideteeum
992 1699 1143 1775 vivum?
1165 1698 1252 1775 Non
1274 1700 1373 1777 audi·

324 1801 401 1877 viiii
422 1798 601 1877 Christum
618 1795 797 1873 dicentem
823 1815 834 1873 t
857 1794 938 1892 ,ἦκ’
964 1800 1076 1891 perot
1095 1802 1238 1870 animam
1252 1796 1345 1886 suam
1360 1851 1370 1885 ,
1384 1771 1496 1847 ⁸¹²²&-
1523 1797 1566 1847 ’ἢ

322 1903 472 1972 inveniet
487 1923 557 1969 eam
572 1919 648 1994 3qat
660 1914 767 1978 autem
787 1900 918 1966 invenit
929 1951 939 1981 ,
947 1898 1061 1990 perdit
1077 1920 1146 1968 eam
1158 1899 1175 1970 ξ
1186 1898 1221 1974 Si
1232 1902 1310 1995 quis
1322 1898 1373 1976 di·
1388 1864 1436 1937 ³⁹⁸

325 2003 418 2077 xerit
431 2024 440 2074 :
455 1998 588 2078 Ducin
611 1998 786 2093 templum
808 1996 1013 2085 idolorum,
1031 1997 1066 2072 dr
1081 1999 1197 2084 vivet,
1208 1997 1375 2094 patieris?
1535 2005 1545 2026 '

330 2099 420 2176 Non
432 2104 451 2194 (
463 2101 579 2194 inquit
591 2094 607 2180 i
621 2097 744 2192 Quare
772 2098 885 2195 iquia
903 2102 1005 2194 cogit
1031 2095 1149 2174 colere
1175 2097 1269 2176 idola
1284 2122 1292 2173 :
1308 2097 1377 2178 Hie

327 2218 447 2282 autem
471 2222 546 2273 non
570 2197 620 2273 est
634 2195 921 2272 idololatria‚sed
942 2194 1376 2295 solumiinquitiincam

326 2302 426 2376 tatio·
450 2295 540 2375 Haec
558 2297 606 2372 est
627 2299 802 2391 cogitatio
826 2294 972 2374 satanica
985 2353 995 2383 ,
1008 2296 1172 2375 haectnnt
1190 2297 1373 2376 diaboiicae

324 2398 472 2479 infidiaet
487 2415 606 2492 tegere
618 2397 861 2495 imposturam,
874 2398 908 2471 δι
923 2397 960 2472 in
974 2396 1077 2473 melle
1090 2396 1173 2475 daeo
1183 2422 1373 2476 vernonum.

325 2498 511 2593 Quoniam
533 2499 636 2573 norit
661 2494 775 2572 scilia
801 2518 877 2570 non
900 2496 1121 2593 persuadere.
1159 2497 1225 2575 hac
1243 2501 1295 2576 via
1322 2499 1373 2577 est

268 2603 272 2609 ’
322 2596 495 2692 ingreffus
508 2597 551 2673 ad
563 2595 787 2677 amuletm&
805 2595 913 2671 aniles
936 2596 1081 2673 saboiam
1105 2593 1150 2674 Et
1177 2621 1267 2675 crux
1291 2602 1372 2696 qui·

325 2701 408 2775 dem
423 2698 542 2774 affeiia
555 2697 604 2773 eii
617 2697 833 2792 ignominia,
847 2695 955 2772 literae
975 2699 1141 2774 autemin
1166 2700 1290 2791 majori
1303 2699 1372 2773 hm

326 2822 415 2874 nore
438 2797 518 2874 snm
532 2797 669 2873 habitae·
696 2794 855 2873 Christus
878 2796 944 2873 fuit
972 2798 1101 2892 ejettus
1120 2799 1185 2883 ,tir
1209 2798 1371 2873 introdu-

326 2901 417 2974 citur
446 2921 531 2972 anus
556 2898 675 2981 ebria.
702 2897 739 2972 &
756 2894 914 2972 delirans.
943 2894 1207 2974 Concuicatum
1229 2898 1277 2973 est
1304 2919 1373 2973 no·

327 2999 436 3074 strum
468 2998 673 3094 mysterium
689 2997 746 3079 ,de
770 2993 904 3073 choros
922 2991 1023 3074 ducit
1039 2996 1131 3071 fram
1145 2997 1275 3073 diaboii
1296 3052 1318 3087 ‚,
1335 3048 1368 3088 ‚,.

325 3098 424 3273 Llpge
450 3095 603 3189 ejusdem
631 3093 825 3172 Humiliam
853 3113 916 3169 21«
955 3099 999 3174 ad
1028 3094 1206 3192 populum
1244 3099 1373 3173 Antio.

326 3220 492 3277 cenum·
1357 3248 1361 3257 -

377 3294 648 3375 observantiam
672 3292 856 3371 sanitatum
874 3294 1155 3389 superstitionem
1170 3291 1237 3372 effe
1249 3295 1372 3373 diabo·

323 3396 427 3473 licam
451 3395 559 3471 docet
573 3418 722 3493 quoque
739 3402 771 3464 S·
785 3392 917 3485 August.
932 3395 988 3470 lib.
1005 3415 1039 3467 2·
1055 3401 1111 3466 De
1123 3394 1269 3466 dotirina
1285 3399 1374 3466 chri.

323 3493 449 3576 diana,
460 3517 538 3591 cap.
552 3511 611 3564 20.
623 3549 644 3585 „
658 3551 679 3585 ‚,
704 3494 987 3589 superstitiosum
1004 3495 1053 3569 est
1075 3495 1242 3586 (inquit)
1268 3495 1373 3593 quid·

327 3595 413 3691 quid
432 3596 629 3671 institutum
653 3595 701 3670 est
720 3596 763 3669 ab
787 3594 991 3670 hominibus
1006 3596 1048 3668 ad
1060 3595 1240 3681 facienda,
1264 3598 1375 3673 &co-

326 3693 429 3770 tenda
443 3693 536 3769 idoia
553 3696 732 3792 pertinens
746 3750 756 3778 .
770 3694 823 3768 voi
834 3694 878 3768 ad
897 3694 1109 3770 colendam,
1129 3694 1373 3784 ucutDeun.

326 3808 521 3870 creaturam
539 3847 551 3878 ,
570 3810 751 3882 partemve
769 3793 879 3870 uliam
895 3809 1083 3893 creaturup
1095 3793 1149 3870 vel
1161 3795 1205 3871 ad
1232 3796 1373 3872 consui.

327 3895 501 3970 tationem
516 3893 659 3988 &patio
679 3893 840 3989 quedam
869 3892 1169 3989 fignificanonum
1197 3915 1280 3971 cum
1301 3895 1375 3970 du·

326 3994 497 4088 monibus
511 3991 660 4087 placita,
682 4008 789 4087 atque
814 3991 1006 4078 suadente,
1026 3995 1143 4094 qualia
1167 3992 1246 4070 sunt
1267 3994 1374 4069 moli·

325 4097 422 4171 mina
443 4096 661 4188 magicarum
683 4097 871 4171 artium...
904 4094 959 4168 Ad
972 4093 1045 4171 hoc
1065 4117 1180 4189 genus
1193 4095 1372 4189 pertinent

326 4217 453 4270 omnen
478 4196 585 4269 etiam
618 4193 800 4288 ligaturae,
817 4204 925 4286 atque
946 4193 1126 4277 remedia,
1154 4214 1234 4286 quae
1258 4192 1374 4266 meti.

326 4298 455 4369 corum
480 4316 629 4389 quoque
656 4289 834 4384 disciplina
862 4289 1200 4375 commendantia
1223 4293 1260 4367 in
1282 4313 1372 4386 praeae

326 4394 608 4474 cantationibus,
623 4390 737 4469 suain
754 4388 963 4485 quibusdam
985 4394 1079 4465 notia
1092 4444 1103 4475 ,
1117 4414 1209 4486 quos
1223 4390 1376 4491 catade·
1500 4432 1502 4437 ·

323 4513 380 4572 rea
405 4505 560 4581 rotant,
575 4491 644 4573 five
654 4495 691 4571 in
702 4487 900 4590 quibusque
913 4488 1018 4573 rebus
1039 4488 1307 4588 suspendendis,
1323 4504 1377 4581 atu

387 4638 393 4651 .
1247 4610 1320 4690 qn·
