<?xml version="1.0" encoding="UTF-8"?>
<!DOCTYPE html PUBLIC "-//W3C//DTD XHTML 1.0 Transitional//EN"
    "http://www.w3.org/TR/xhtml1/DTD/xhtml1-transitional.dtd">
<html xmlns="http://www.w3.org/1999/xhtml" xml:lang="en" lang="en">
 <head>
  <title>
</title>
<meta http-equiv="Content-Type" content="text/html;charset=utf-8" />
  <meta name='ocr-system' content='tesseract 3.04.00' />
  <meta name='ocr-capabilities' content='ocr_page ocr_carea ocr_par ocr_line ocrx_word'/>
</head>
<body>
  <div class='ocr_page' id='page_1' title='image "./theologiadogmat08alexgoog_0732.png"; bbox 0 0 3792 5375; ppageno 0'>
   <div class='ocr_carea' id='block_1_1' title="bbox 436 518 1335 644">
    <p class='ocr_par' dir='ltr' id='par_1_1' title="bbox 436 518 1335 644">
     <span class='ocr_line' id='line_1_1' title="bbox 436 518 1335 644; baseline 0.039 -39"><span class='ocrx_word' id='word_1_1' title='bbox 436 520 510 620; x_wconf 81' lang='lat' dir='ltr'>De</span> <span class='ocrx_word' id='word_1_2' title='bbox 530 524 655 621; x_wconf 83' lang='lat' dir='ltr'>tertio</span> <span class='ocrx_word' id='word_1_3' title='bbox 680 518 885 636; x_wconf 85' lang='lat' dir='ltr'>Decalogi</span> <span class='ocrx_word' id='word_1_4' title='bbox 910 523 1137 644; x_wconf 58' lang='lat' dir='ltr'>praeapte?</span> <span class='ocrx_word' id='word_1_5' title='bbox 1250 551 1335 639; x_wconf 75' lang='lat'>739</span> 
     </span>
    </p>
   </div>
   <div class='ocr_carea' id='block_1_2' title="bbox 286 657 1342 796">
    <p class='ocr_par' dir='ltr' id='par_1_2' title="bbox 286 657 1342 796">
     <span class='ocr_line' id='line_1_2' title="bbox 286 657 1342 796; baseline 0.003 -20"><span class='ocrx_word' id='word_1_6' title='bbox 286 691 441 777; x_wconf 73' lang='lat' dir='ltr'>rendam</span> <span class='ocrx_word' id='word_1_7' title='bbox 454 693 561 781; x_wconf 89' lang='lat' dir='ltr'>,teste</span> <span class='ocrx_word' id='word_1_8' title='bbox 580 698 612 765; x_wconf 80' lang='lat' dir='ltr'>S.</span> <span class='ocrx_word' id='word_1_9' title='bbox 635 657 831 782; x_wconf 56' lang='lat' dir='ltr'>firmas.</span> <span class='ocrx_word' id='word_1_10' title='bbox 847 715 881 772; x_wconf 85' lang='lat' dir='ltr'>a.</span> <span class='ocrx_word' id='word_1_11' title='bbox 899 696 1019 796; x_wconf 79' lang='lat' dir='ltr'>quast.</span> <span class='ocrx_word' id='word_1_12' title='bbox 1038 707 1119 783; x_wconf 82' lang='lat'>186.</span> <span class='ocrx_word' id='word_1_13' title='bbox 1140 707 1204 775; x_wconf 84' lang='lat' dir='ltr'>art·</span> <span class='ocrx_word' id='word_1_14' title='bbox 1227 722 1264 789; x_wconf 83' lang='lat'>9.</span> <span class='ocrx_word' id='word_1_15' title='bbox 1295 704 1342 782; x_wconf 89' lang='lat' dir='ltr'>ad</span> 
     </span>
    </p>
   </div>
   <div class='ocr_carea' id='block_1_3' title="bbox 287 793 1341 994">
    <p class='ocr_par' dir='ltr' id='par_1_3' title="bbox 287 793 1341 994">
     <span class='ocr_line' id='line_1_3' title="bbox 288 793 1341 897; baseline 0.008 -25"><span class='ocrx_word' id='word_1_16' title='bbox 288 802 468 897; x_wconf 75' lang='lat' dir='ltr'>primum,</span> <span class='ocrx_word' id='word_1_17' title='bbox 485 797 611 896; x_wconf 85' lang='lat' dir='ltr'>utique</span> <span class='ocrx_word' id='word_1_18' title='bbox 629 798 666 880; x_wconf 85' lang='lat' dir='ltr'>ia</span> <span class='ocrx_word' id='word_1_19' title='bbox 687 793 1013 882; x_wconf 83' lang='lat' dir='ltr'>Constitutionibus</span> <span class='ocrx_word' id='word_1_20' title='bbox 1024 794 1171 876; x_wconf 89' lang='lat' dir='ltr'>Ordinis</span> <span class='ocrx_word' id='word_1_21' title='bbox 1193 815 1341 881; x_wconf 90' lang='lat' dir='ltr'>cautum</span> 
     </span>
     <span class='ocr_line' id='line_1_4' title="bbox 287 890 1341 994; baseline -0.004 -20"><span class='ocrx_word' id='word_1_22' title='bbox 287 899 360 978; x_wconf 79' lang='lat' dir='ltr'>cst:</span> <span class='ocrx_word' id='word_1_23' title='bbox 382 894 475 967; x_wconf 85' lang='lat' dir='ltr'>Tunc</span> <span class='ocrx_word' id='word_1_24' title='bbox 493 915 618 967; x_wconf 82' lang='lat' dir='ltr'>certum</span> <span class='ocrx_word' id='word_1_25' title='bbox 640 895 684 980; x_wconf 68' lang='lat' dir='ltr'>cd</span> <span class='ocrx_word' id='word_1_26' title='bbox 709 895 883 994; x_wconf 76' lang='lat' dir='ltr'>Religinfir</span> <span class='ocrx_word' id='word_1_27' title='bbox 896 898 996 968; x_wconf 86' lang='lat' dir='ltr'>iicere</span> <span class='ocrx_word' id='word_1_28' title='bbox 1009 890 1124 994; x_wconf 70' lang='lat' dir='ltr'>abique</span> <span class='ocrx_word' id='word_1_29' title='bbox 1138 916 1268 992; x_wconf 82' lang='lat' dir='ltr'>peccato</span> <span class='ocrx_word' id='word_1_30' title='bbox 1281 925 1341 971; x_wconf 84' lang='lat' dir='ltr'>ve·</span> 
     </span>
    </p>
   </div>
   <div class='ocr_carea' id='block_1_4' title="bbox 280 989 1341 1198">
    <p class='ocr_par' dir='ltr' id='par_1_4' title="bbox 280 989 1341 1198">
     <span class='ocr_line' id='line_1_5' title="bbox 280 989 1341 1098; baseline 0.011 -30"><span class='ocrx_word' id='word_1_31' title='bbox 280 995 330 1086; x_wconf 73' lang='lat' dir='ltr'>sei</span> <span class='ocrx_word' id='word_1_32' title='bbox 355 989 550 1072; x_wconf 80' lang='lat' dir='ltr'>carnibasr‘a</span> <span class='ocrx_word' id='word_1_33' title='bbox 566 998 848 1076; x_wconf 81' lang='lat' dir='ltr'>dieNaiivitatis</span> <span class='ocrx_word' id='word_1_34' title='bbox 867 997 1021 1079; x_wconf 81' lang='lat' dir='ltr'>Domini.</span> <span class='ocrx_word' id='word_1_35' title='bbox 1047 997 1341 1098; x_wconf 71' lang='lat' dir='ltr'>Canone.Q¹&#39;s-</span> 
     </span>
     <span class='ocr_line' id='line_1_6' title="bbox 289 1095 1341 1198; baseline 0.005 -29"><span class='ocrx_word' id='word_1_36' title='bbox 289 1100 364 1191; x_wconf 79' lang='lat' dir='ltr'>quis</span> <span class='ocrx_word' id='word_1_37' title='bbox 389 1100 557 1192; x_wconf 71' lang='lat' dir='ltr'><em>praecptis</em></span> <span class='ocrx_word' id='word_1_38' title='bbox 570 1141 581 1176; x_wconf 90' lang='lat'>‚</span> <span class='ocrx_word' id='word_1_39' title='bbox 594 1104 631 1192; x_wconf 58' lang='grc' dir='ltr'>ᾗ.</span> <span class='ocrx_word' id='word_1_40' title='bbox 639 1096 748 1192; x_wconf 66' lang='lat' dir='ltr'>,Quod</span> <span class='ocrx_word' id='word_1_41' title='bbox 760 1101 950 1193; x_wconf 73' lang='lat' dir='ltr'>precipitur</span> <span class='ocrx_word' id='word_1_42' title='bbox 964 1095 1095 1183; x_wconf 87' lang='lat' dir='ltr'>,Causa</span> <span class='ocrx_word' id='word_1_43' title='bbox 1109 1117 1167 1192; x_wconf 82' lang='lat'>14·</span> <span class='ocrx_word' id='word_1_44' title='bbox 1180 1123 1241 1198; x_wconf 82' lang='lat' dir='ltr'>qu·</span> <span class='ocrx_word' id='word_1_45' title='bbox 1257 1119 1288 1174; x_wconf 88' lang='grc' dir='ltr'>ῐ.</span> <span class='ocrx_word' id='word_1_46' title='bbox 1300 1103 1341 1184; x_wconf 76' lang='lat' dir='ltr'>de</span> 
     </span>
    </p>
   </div>
   <div class='ocr_carea' id='block_1_5' title="bbox 286 1194 1388 1298">
    <p class='ocr_par' dir='ltr' id='par_1_5' title="bbox 286 1194 1388 1298">
     <span class='ocr_line' id='line_1_7' title="bbox 286 1194 1388 1298; baseline 0 -20"><span class='ocrx_word' id='word_1_47' title='bbox 286 1197 625 1292; x_wconf 73' lang='lat' dir='ltr'>Cenomanique,</span> <span class='ocrx_word' id='word_1_48' title='bbox 645 1208 682 1296; x_wconf 69' lang='lat'>§-</span> <span class='ocrx_word' id='word_1_49' title='bbox 699 1204 779 1270; x_wconf 82' lang='lat' dir='ltr'>Haec</span> <span class='ocrx_word' id='word_1_50' title='bbox 799 1197 857 1286; x_wconf 71' lang='lat' dir='ltr'>etfi</span> <span class='ocrx_word' id='word_1_51' title='bbox 890 1194 1034 1293; x_wconf 79' lang='lat' dir='ltr'>iegibus,</span> <span class='ocrx_word' id='word_1_52' title='bbox 1053 1219 1089 1298; x_wconf 86' lang='lat'><em>4</em></span> <span class='ocrx_word' id='word_1_53' title='bbox 1110 1200 1341 1284; x_wconf 73' lang='lat' dir='ltr'>distindione·</span> <span class='ocrx_word' id='word_1_54' title='bbox 1386 1204 1388 1210; x_wconf 73' lang='grc'>’</span> 
     </span>
    </p>
   </div>
   <div class='ocr_carea' id='block_1_6' title="bbox 282 1295 1347 2394">
    <p class='ocr_par' dir='ltr' id='par_1_6' title="bbox 282 1295 1347 2394">
     <span class='ocr_line' id='line_1_8' title="bbox 286 1295 1343 1399; baseline 0.005 -23"><span class='ocrx_word' id='word_1_55' title='bbox 286 1305 313 1394; x_wconf 79' lang='grc'>,,“</span> <span class='ocrx_word' id='word_1_56' title='bbox 325 1297 456 1399; x_wconf 85' lang='lat' dir='ltr'>Neque</span> <span class='ocrx_word' id='word_1_57' title='bbox 468 1297 543 1379; x_wconf 92' lang='lat' dir='ltr'>hoc</span> <span class='ocrx_word' id='word_1_58' title='bbox 560 1298 637 1378; x_wconf 86' lang='lat' dir='ltr'>casu</span> <span class='ocrx_word' id='word_1_59' title='bbox 650 1295 759 1378; x_wconf 87' lang='lat' dir='ltr'>habet</span> <span class='ocrx_word' id='word_1_60' title='bbox 770 1299 895 1380; x_wconf 88' lang='lat' dir='ltr'>locum</span> <span class='ocrx_word' id='word_1_61' title='bbox 908 1300 1077 1397; x_wconf 79' lang='lat' dir='ltr'>exceptio</span> <span class='ocrx_word' id='word_1_62' title='bbox 1091 1299 1159 1386; x_wconf 78' lang='lat' dir='ltr'>,de</span> <span class='ocrx_word' id='word_1_63' title='bbox 1175 1325 1245 1398; x_wconf 88' lang='lat' dir='ltr'>qua</span> <span class='ocrx_word' id='word_1_64' title='bbox 1260 1302 1343 1394; x_wconf 80' lang='lat' dir='ltr'>hic.</span> 
     </span>
     <span class='ocr_line' id='line_1_9' title="bbox 285 1397 1343 1496; baseline 0.003 -20"><span class='ocrx_word' id='word_1_65' title='bbox 285 1397 570 1496; x_wconf 76' lang='lat' dir='ltr'>„quiaioquitur</span> <span class='ocrx_word' id='word_1_66' title='bbox 590 1402 848 1479; x_wconf 88' lang='lat' dir='ltr'>tantummodo</span> <span class='ocrx_word' id='word_1_67' title='bbox 868 1400 913 1476; x_wconf 91' lang='lat' dir='ltr'>de</span> <span class='ocrx_word' id='word_1_68' title='bbox 931 1399 984 1476; x_wconf 87' lang='lat' dir='ltr'>bis</span> <span class='ocrx_word' id='word_1_69' title='bbox 1004 1403 1087 1496; x_wconf 75' lang='lat' dir='ltr'>‚qui</span> <span class='ocrx_word' id='word_1_70' title='bbox 1109 1401 1153 1477; x_wconf 92' lang='lat' dir='ltr'>ad</span> <span class='ocrx_word' id='word_1_71' title='bbox 1166 1403 1343 1480; x_wconf 73' lang='lat' dir='ltr'>abitinen-</span> 
     </span>
     <span class='ocr_line' id='line_1_10' title="bbox 283 1497 1346 1599; baseline -0.002 -21"><span class='ocrx_word' id='word_1_72' title='bbox 283 1554 308 1592; x_wconf 86' lang='lat'>‚,</span> <span class='ocrx_word' id='word_1_73' title='bbox 322 1501 407 1578; x_wconf 90' lang='lat' dir='ltr'>tiam</span> <span class='ocrx_word' id='word_1_74' title='bbox 421 1500 626 1598; x_wconf 82' lang='lat' dir='ltr'>obligantur</span> <span class='ocrx_word' id='word_1_75' title='bbox 649 1524 696 1578; x_wconf 82' lang='lat' dir='ltr'>ex</span> <span class='ocrx_word' id='word_1_76' title='bbox 717 1517 833 1590; x_wconf 86' lang='lat' dir='ltr'>voto,</span> <span class='ocrx_word' id='word_1_77' title='bbox 856 1499 911 1582; x_wconf 81' lang='lat' dir='ltr'>vel</span> <span class='ocrx_word' id='word_1_78' title='bbox 935 1521 981 1576; x_wconf 88' lang='lat' dir='ltr'>ex</span> <span class='ocrx_word' id='word_1_79' title='bbox 1003 1497 1141 1596; x_wconf 85' lang='lat' dir='ltr'>Regula</span> <span class='ocrx_word' id='word_1_80' title='bbox 1161 1557 1183 1593; x_wconf 86' lang='lat'>„</span> <span class='ocrx_word' id='word_1_81' title='bbox 1203 1503 1346 1599; x_wconf 79' lang='lat' dir='ltr'>(inquit</span> 
     </span>
     <span class='ocr_line' id='line_1_11' title="bbox 282 1598 1347 1699; baseline -0.004 -28"><span class='ocrx_word' id='word_1_82' title='bbox 282 1607 342 1673; x_wconf 77' lang='lat' dir='ltr'>vir</span> <span class='ocrx_word' id='word_1_83' title='bbox 358 1598 447 1696; x_wconf 75' lang='lat' dir='ltr'>juria</span> <span class='ocrx_word' id='word_1_84' title='bbox 480 1598 725 1696; x_wconf 76' lang='lat' dir='ltr'>eorrsuitiffimns</span> <span class='ocrx_word' id='word_1_85' title='bbox 744 1601 879 1696; x_wconf 71' lang='lat' dir='ltr'>Prosper</span> <span class='ocrx_word' id='word_1_86' title='bbox 903 1603 1097 1696; x_wconf 75' lang='lat' dir='ltr'>fogitanus,</span> <span class='ocrx_word' id='word_1_87' title='bbox 1113 1605 1151 1677; x_wconf 88' lang='lat' dir='ltr'>in</span> <span class='ocrx_word' id='word_1_88' title='bbox 1172 1625 1249 1699; x_wconf 75' lang='lat' dir='ltr'>cap.</span> <span class='ocrx_word' id='word_1_89' title='bbox 1274 1609 1347 1673; x_wconf 78' lang='lat' dir='ltr'>Et.</span> 
     </span>
     <span class='ocr_line' id='line_1_12' title="bbox 284 1698 1344 1797; baseline 0.005 -22"><span class='ocrx_word' id='word_1_90' title='bbox 284 1701 418 1795; x_wconf 79' lang='lat' dir='ltr'>piirari·</span> <span class='ocrx_word' id='word_1_91' title='bbox 438 1698 457 1794; x_wconf 89' lang='lat'>)</span> <span class='ocrx_word' id='word_1_92' title='bbox 481 1698 632 1786; x_wconf 79' lang='lat' dir='ltr'><strong>Ratione</strong></span> <span class='ocrx_word' id='word_1_93' title='bbox 669 1719 788 1781; x_wconf 84' lang='lat' dir='ltr'>tamen</span> <span class='ocrx_word' id='word_1_94' title='bbox 823 1702 1137 1797; x_wconf 66' lang='lat' dir='ltr'>intemperantias</span> <span class='ocrx_word' id='word_1_95' title='bbox 1172 1703 1344 1791; x_wconf 88' lang='lat' dir='ltr'>scandali.</span> 
     </span>
     <span class='ocr_line' id='line_1_13' title="bbox 290 1799 1346 1900; baseline 0.004 -22"><span class='ocrx_word' id='word_1_96' title='bbox 290 1816 546 1896; x_wconf 83' lang='lat' dir='ltr'>contemptus,</span> <span class='ocrx_word' id='word_1_97' title='bbox 561 1801 616 1878; x_wconf 87' lang='lat' dir='ltr'>vel</span> <span class='ocrx_word' id='word_1_98' title='bbox 627 1806 795 1900; x_wconf 82' lang='lat' dir='ltr'>praecepti</span> <span class='ocrx_word' id='word_1_99' title='bbox 805 1800 1059 1900; x_wconf 74' lang='lat' dir='ltr'>superiorum,</span> <span class='ocrx_word' id='word_1_100' title='bbox 1071 1799 1168 1878; x_wconf 85' lang='lat' dir='ltr'>esum</span> <span class='ocrx_word' id='word_1_101' title='bbox 1184 1809 1346 1882; x_wconf 84' lang='lat' dir='ltr'>carnium</span> 
     </span>
     <span class='ocr_line' id='line_1_14' title="bbox 287 1900 1346 2001; baseline -0.003 -21"><span class='ocrx_word' id='word_1_102' title='bbox 287 1901 349 1986; x_wconf 85' lang='lat' dir='ltr'>tali</span> <span class='ocrx_word' id='word_1_103' title='bbox 372 1901 552 1998; x_wconf 81' lang='lat' dir='ltr'>iperiatim</span> <span class='ocrx_word' id='word_1_104' title='bbox 564 1902 621 1977; x_wconf 91' lang='lat' dir='ltr'>die</span> <span class='ocrx_word' id='word_1_105' title='bbox 635 1903 901 1996; x_wconf 83' lang='lat' dir='ltr'>prohibentium</span> <span class='ocrx_word' id='word_1_106' title='bbox 925 1951 935 1987; x_wconf 88' lang='lat'>‚</span> <span class='ocrx_word' id='word_1_107' title='bbox 955 1924 1101 1996; x_wconf 87' lang='lat' dir='ltr'>peccare</span> <span class='ocrx_word' id='word_1_108' title='bbox 1117 1900 1262 2001; x_wconf 76' lang='lat' dir='ltr'>possunt</span> <span class='ocrx_word' id='word_1_109' title='bbox 1281 1905 1346 1984; x_wconf 85' lang='lat' dir='ltr'>viri</span> 
     </span>
     <span class='ocr_line' id='line_1_15' title="bbox 289 1999 1343 2097; baseline 0 -18"><span class='ocrx_word' id='word_1_110' title='bbox 289 2002 339 2079; x_wconf 86' lang='lat' dir='ltr'>ilii</span> <span class='ocrx_word' id='word_1_111' title='bbox 365 2000 540 2097; x_wconf 84' lang='lat' dir='ltr'>religiofi,</span> <span class='ocrx_word' id='word_1_112' title='bbox 564 2001 622 2078; x_wconf 90' lang='lat' dir='ltr'>die</span> <span class='ocrx_word' id='word_1_113' title='bbox 638 2002 773 2090; x_wconf 82' lang='lat' dir='ltr'>Nataiis</span> <span class='ocrx_word' id='word_1_114' title='bbox 789 1999 944 2080; x_wconf 84' lang='lat' dir='ltr'>Domini</span> <span class='ocrx_word' id='word_1_115' title='bbox 960 2024 1104 2077; x_wconf 86' lang='lat' dir='ltr'>carnem</span> <span class='ocrx_word' id='word_1_116' title='bbox 1114 2005 1257 2081; x_wconf 85' lang='lat' dir='ltr'>edentes</span> <span class='ocrx_word' id='word_1_117' title='bbox 1268 2060 1280 2090; x_wconf 91' lang='lat'><strong>,</strong></span> <span class='ocrx_word' id='word_1_118' title='bbox 1291 2002 1343 2079; x_wconf 85' lang='lat' dir='ltr'>le-</span> 
     </span>
     <span class='ocr_line' id='line_1_16' title="bbox 285 2100 1344 2205; baseline -0.005 -23"><span class='ocrx_word' id='word_1_119' title='bbox 285 2100 427 2182; x_wconf 83' lang='lat' dir='ltr'>thaliter</span> <span class='ocrx_word' id='word_1_120' title='bbox 450 2102 595 2197; x_wconf 89' lang='lat' dir='ltr'>quidem</span> <span class='ocrx_word' id='word_1_121' title='bbox 608 2106 658 2180; x_wconf 92' lang='lat' dir='ltr'>ob</span> <span class='ocrx_word' id='word_1_122' title='bbox 674 2103 907 2185; x_wconf 80' lang='lat' dir='ltr'>violationem</span> <span class='ocrx_word' id='word_1_123' title='bbox 921 2104 1109 2205; x_wconf 67' lang='lat' dir='ltr'>praecepti,</span> <span class='ocrx_word' id='word_1_124' title='bbox 1123 2106 1178 2180; x_wconf 80' lang='lat' dir='ltr'>uei</span> <span class='ocrx_word' id='word_1_125' title='bbox 1191 2106 1241 2181; x_wconf 91' lang='lat' dir='ltr'>ob</span> <span class='ocrx_word' id='word_1_126' title='bbox 1251 2126 1344 2180; x_wconf 81' lang='lat' dir='ltr'>con·</span> 
     </span>
     <span class='ocr_line' id='line_1_17' title="bbox 288 2201 1347 2297; baseline 0.004 -18"><span class='ocrx_word' id='word_1_127' title='bbox 288 2216 468 2296; x_wconf 83' lang='lat' dir='ltr'>temptum</span> <span class='ocrx_word' id='word_1_128' title='bbox 483 2225 612 2295; x_wconf 75' lang='lat' dir='ltr'>,grave</span> <span class='ocrx_word' id='word_1_129' title='bbox 634 2201 836 2290; x_wconf 80' lang='lat' dir='ltr'>scandalum</span> <span class='ocrx_word' id='word_1_130' title='bbox 849 2252 860 2287; x_wconf 84' lang='lat'>,</span> <span class='ocrx_word' id='word_1_131' title='bbox 873 2217 935 2279; x_wconf 86' lang='lat' dir='ltr'>aut</span> <span class='ocrx_word' id='word_1_132' title='bbox 954 2203 1148 2279; x_wconf 83' lang='lat' dir='ltr'><strong>notabilem</strong></span> <span class='ocrx_word' id='word_1_133' title='bbox 1168 2207 1347 2297; x_wconf 78' lang='lat' dir='ltr'>intense·</span> 
     </span>
     <span class='ocr_line' id='line_1_18' title="bbox 287 2301 1347 2394; baseline 0 -16"><span class='ocrx_word' id='word_1_134' title='bbox 287 2304 462 2394; x_wconf 62' lang='lat' dir='ltr'>tantiam</span> <span class='ocrx_word' id='word_1_135' title='bbox 478 2304 657 2384; x_wconf 83' lang='lat' dir='ltr'>venialiter</span> <span class='ocrx_word' id='word_1_136' title='bbox 675 2327 783 2389; x_wconf 86' lang='lat' dir='ltr'>uero,</span> <span class='ocrx_word' id='word_1_137' title='bbox 800 2303 914 2380; x_wconf 84' lang='lat' dir='ltr'>srleve</span> <span class='ocrx_word' id='word_1_138' title='bbox 935 2301 1136 2379; x_wconf 88' lang='lat' dir='ltr'>scandalum</span> <span class='ocrx_word' id='word_1_139' title='bbox 1151 2303 1285 2391; x_wconf 63' lang='lat' dir='ltr'>imant</span> <span class='ocrx_word' id='word_1_140' title='bbox 1297 2305 1347 2379; x_wconf 87' lang='lat' dir='ltr'>le·</span> 
     </span>
    </p>
   </div>
   <div class='ocr_carea' id='block_1_7' title="bbox 287 2401 1505 2503">
    <p class='ocr_par' dir='ltr' id='par_1_7' title="bbox 287 2401 1505 2503">
     <span class='ocr_line' id='line_1_19' title="bbox 287 2401 1505 2503; baseline 0.001 -24"><span class='ocrx_word' id='word_1_141' title='bbox 287 2405 341 2479; x_wconf 76' lang='lat' dir='ltr'>air</span> <span class='ocrx_word' id='word_1_142' title='bbox 356 2405 639 2497; x_wconf 79' lang='lat' dir='ltr'>intemperantia.</span> <span class='ocrx_word' id='word_1_143' title='bbox 672 2407 717 2488; x_wconf 83' lang='lat' dir='ltr'>At</span> <span class='ocrx_word' id='word_1_144' title='bbox 735 2402 760 2478; x_wconf 86' lang='lat' dir='ltr'><strong>fi</strong></span> <span class='ocrx_word' id='word_1_145' title='bbox 778 2401 1191 2500; x_wconf 80' lang='lat' dir='ltr'>Regulattanigreffores</span> <span class='ocrx_word' id='word_1_146' title='bbox 1203 2405 1347 2503; x_wconf 80' lang='lat' dir='ltr'>obligat</span> <span class='ocrx_word' id='word_1_147' title='bbox 1495 2483 1505 2500; x_wconf 25' lang='grc' dir='ltr'>κ</span> 
     </span>
    </p>
   </div>
   <div class='ocr_carea' id='block_1_8' title="bbox 280 2502 1353 4099">
    <p class='ocr_par' dir='ltr' id='par_1_8' title="bbox 280 2502 1353 3803">
     <span class='ocr_line' id='line_1_20' title="bbox 284 2502 1353 2601; baseline -0.007 -22"><span class='ocrx_word' id='word_1_148' title='bbox 284 2502 330 2579; x_wconf 80' lang='lat' dir='ltr'>ad</span> <span class='ocrx_word' id='word_1_149' title='bbox 351 2502 522 2595; x_wconf 79' lang='lat' dir='ltr'>cuipam,</span> <span class='ocrx_word' id='word_1_150' title='bbox 551 2519 593 2585; x_wconf 89' lang='lat' dir='ltr'>ut</span> <span class='ocrx_word' id='word_1_151' title='bbox 618 2506 800 2600; x_wconf 83' lang='lat' dir='ltr'>contingit</span> <span class='ocrx_word' id='word_1_152' title='bbox 819 2504 962 2600; x_wconf 88' lang='lat' dir='ltr'>quoties</span> <span class='ocrx_word' id='word_1_153' title='bbox 987 2507 1099 2580; x_wconf 88' lang='lat' dir='ltr'>utitor</span> <span class='ocrx_word' id='word_1_154' title='bbox 1116 2506 1228 2581; x_wconf 83' lang='lat' dir='ltr'>verbis</span> <span class='ocrx_word' id='word_1_155' title='bbox 1257 2525 1353 2601; x_wconf 66' lang='lat' dir='ltr'>prees</span> 
     </span>
     <span class='ocr_line' id='line_1_21' title="bbox 286 2601 1347 2720; baseline -0.002 -41"><span class='ocrx_word' id='word_1_156' title='bbox 286 2607 384 2701; x_wconf 89' lang='lat' dir='ltr'>cepti</span> <span class='ocrx_word' id='word_1_157' title='bbox 406 2605 480 2681; x_wconf 86' lang='lat' dir='ltr'>vim</span> <span class='ocrx_word' id='word_1_158' title='bbox 496 2603 712 2720; x_wconf 68' lang='lat' dir='ltr'>pubentibus</span> <span class='ocrx_word' id='word_1_159' title='bbox 727 2601 1058 2704; x_wconf 87' lang='lat' dir='ltr'>;quemadmodum</span> <span class='ocrx_word' id='word_1_160' title='bbox 1077 2601 1213 2680; x_wconf 82' lang='lat' dir='ltr'>Fratres</span> <span class='ocrx_word' id='word_1_161' title='bbox 1228 2608 1347 2681; x_wconf 87' lang='lat' dir='ltr'>mino·</span> 
     </span>
     <span class='ocr_line' id='line_1_22' title="bbox 283 2702 1347 2801; baseline 0 -23"><span class='ocrx_word' id='word_1_162' title='bbox 283 2727 337 2789; x_wconf 85' lang='lat' dir='ltr'>res</span> <span class='ocrx_word' id='word_1_163' title='bbox 360 2703 508 2799; x_wconf 81' lang='lat' dir='ltr'>obligare</span> <span class='ocrx_word' id='word_1_164' title='bbox 530 2729 576 2779; x_wconf 86' lang='lat' dir='ltr'>ex</span> <span class='ocrx_word' id='word_1_165' title='bbox 606 2723 696 2780; x_wconf 85' lang='lat' dir='ltr'>voto</span> <span class='ocrx_word' id='word_1_166' title='bbox 721 2702 942 2801; x_wconf 81' lang='lat' dir='ltr'>professionis</span> <span class='ocrx_word' id='word_1_167' title='bbox 972 2702 1017 2778; x_wconf 91' lang='lat' dir='ltr'>ad</span> <span class='ocrx_word' id='word_1_168' title='bbox 1044 2706 1164 2779; x_wconf 89' lang='lat' dir='ltr'>omnia</span> <span class='ocrx_word' id='word_1_169' title='bbox 1182 2758 1192 2788; x_wconf 90' lang='lat'>‚</span> <span class='ocrx_word' id='word_1_170' title='bbox 1213 2728 1292 2798; x_wconf 84' lang='lat' dir='ltr'>quae</span> <span class='ocrx_word' id='word_1_171' title='bbox 1308 2706 1347 2783; x_wconf 85' lang='lat' dir='ltr'>in</span> 
     </span>
     <span class='ocr_line' id='line_1_23' title="bbox 280 2800 1346 2901; baseline 0.001 -23"><span class='ocrx_word' id='word_1_172' title='bbox 280 2800 420 2900; x_wconf 83' lang='lat' dir='ltr'>Regula</span> <span class='ocrx_word' id='word_1_173' title='bbox 443 2801 811 2901; x_wconf 83' lang='lat' dir='ltr'>ipsrspraecipiuntur,</span> <span class='ocrx_word' id='word_1_174' title='bbox 832 2802 892 2877; x_wconf 80' lang='lat' dir='ltr'>seo</span> <span class='ocrx_word' id='word_1_175' title='bbox 920 2803 1034 2876; x_wconf 85' lang='lat' dir='ltr'>verbis</span> <span class='ocrx_word' id='word_1_176' title='bbox 1064 2802 1248 2898; x_wconf 82' lang='lat' dir='ltr'>obligandi</span> <span class='ocrx_word' id='word_1_177' title='bbox 1272 2805 1346 2879; x_wconf 84' lang='lat' dir='ltr'>uim</span> 
     </span>
     <span class='ocr_line' id='line_1_24' title="bbox 287 2897 1347 2996; baseline -0.009 -15"><span class='ocrx_word' id='word_1_178' title='bbox 287 2902 501 2991; x_wconf 84' lang='lat' dir='ltr'>habentibus</span> <span class='ocrx_word' id='word_1_179' title='bbox 524 2899 955 2989; x_wconf 86' lang='lat' dir='ltr'>indicuntut,deciarauit</span> <span class='ocrx_word' id='word_1_180' title='bbox 976 2897 1141 2973; x_wconf 72' lang='lat' dir='ltr'>Nicotaus</span> <span class='ocrx_word' id='word_1_181' title='bbox 1168 2906 1241 2983; x_wconf 81' lang='lat'><em>111.</em></span> <span class='ocrx_word' id='word_1_182' title='bbox 1264 2924 1347 2996; x_wconf 84' lang='lat' dir='ltr'>cap.</span> 
     </span>
     <span class='ocr_line' id='line_1_25' title="bbox 288 2997 1351 3097; baseline -0.007 -23"><span class='ocrx_word' id='word_1_183' title='bbox 288 3007 411 3088; x_wconf 65' lang='lat' dir='ltr'>dxiii,</span> <span class='ocrx_word' id='word_1_184' title='bbox 430 3007 485 3079; x_wconf 87' lang='lat' dir='ltr'>tit.</span> <span class='ocrx_word' id='word_1_185' title='bbox 505 3009 560 3075; x_wconf 86' lang='lat' dir='ltr'>De</span> <span class='ocrx_word' id='word_1_186' title='bbox 582 3004 757 3074; x_wconf 83' lang='lat' dir='ltr'>verboram</span> <span class='ocrx_word' id='word_1_187' title='bbox 789 2997 1059 3097; x_wconf 72' lang='lat' dir='ltr'>Significatione,</span> <span class='ocrx_word' id='word_1_188' title='bbox 1077 3003 1113 3078; x_wconf 87' lang='lat' dir='ltr'>in</span> <span class='ocrx_word' id='word_1_189' title='bbox 1133 3000 1247 3078; x_wconf 83' lang='lat' dir='ltr'>Sexto</span> <span class='ocrx_word' id='word_1_190' title='bbox 1265 3022 1276 3083; x_wconf 73' lang='grc' dir='ltr'>ς</span> <span class='ocrx_word' id='word_1_191' title='bbox 1293 3004 1351 3075; x_wconf 84' lang='lat' dir='ltr'>in.</span> 
     </span>
     <span class='ocr_line' id='line_1_26' title="bbox 285 3100 1341 3207; baseline -0.01 -20"><span class='ocrx_word' id='word_1_192' title='bbox 285 3119 341 3187; x_wconf 82' lang='lat' dir='ltr'>tet</span> <span class='ocrx_word' id='word_1_193' title='bbox 363 3123 444 3200; x_wconf 85' lang='lat' dir='ltr'>quae</span> <span class='ocrx_word' id='word_1_194' title='bbox 468 3102 612 3199; x_wconf 81' lang='lat' dir='ltr'>Regniae</span> <span class='ocrx_word' id='word_1_195' title='bbox 635 3108 751 3207; x_wconf 88' lang='lat' dir='ltr'>capita</span> <span class='ocrx_word' id='word_1_196' title='bbox 780 3104 1043 3200; x_wconf 84' lang='lat' dir='ltr'>obligationem</span> <span class='ocrx_word' id='word_1_197' title='bbox 1072 3102 1251 3199; x_wconf 81' lang='lat' dir='ltr'>jejunandi</span> <span class='ocrx_word' id='word_1_198' title='bbox 1271 3100 1341 3177; x_wconf 83' lang='lat' dir='ltr'>irn-</span> 
     </span>
     <span class='ocr_line' id='line_1_27' title="bbox 282 3202 1344 3306; baseline -0.002 -24"><span class='ocrx_word' id='word_1_199' title='bbox 282 3204 374 3306; x_wconf 74' lang='lat' dir='ltr'>gulis</span> <span class='ocrx_word' id='word_1_200' title='bbox 404 3203 507 3280; x_wconf 84' lang='lat' dir='ltr'>sextis</span> <span class='ocrx_word' id='word_1_201' title='bbox 534 3204 637 3281; x_wconf 86' lang='lat' dir='ltr'>Feriis</span> <span class='ocrx_word' id='word_1_202' title='bbox 658 3206 814 3281; x_wconf 77' lang='lat' dir='ltr'>recenset</span> <span class='ocrx_word' id='word_1_203' title='bbox 840 3211 986 3273; x_wconf 83' lang='lat' dir='ltr'>Ciemem</span> <span class='ocrx_word' id='word_1_204' title='bbox 997 3202 1038 3278; x_wconf 90' lang='lat' dir='ltr'>V.</span> <span class='ocrx_word' id='word_1_205' title='bbox 1070 3202 1344 3282; x_wconf 83' lang='lat' dir='ltr'>inClementina</span> 
     </span>
     <span class='ocr_line' id='line_1_28' title="bbox 284 3300 1346 3403; baseline -0.004 -22"><span class='ocrx_word' id='word_1_206' title='bbox 284 3303 397 3381; x_wconf 70' lang='lat' dir='ltr'>Exivi</span> <span class='ocrx_word' id='word_1_207' title='bbox 419 3327 430 3398; x_wconf 90' lang='lat'>;</span> <span class='ocrx_word' id='word_1_208' title='bbox 462 3309 525 3385; x_wconf 79' lang='lat' dir='ltr'>viri</span> <span class='ocrx_word' id='word_1_209' title='bbox 549 3305 597 3385; x_wconf 86' lang='lat' dir='ltr'>illi</span> <span class='ocrx_word' id='word_1_210' title='bbox 617 3304 785 3403; x_wconf 83' lang='lat' dir='ltr'>Religiofi</span> <span class='ocrx_word' id='word_1_211' title='bbox 801 3307 964 3381; x_wconf 85' lang='lat' dir='ltr'>carnibus</span> <span class='ocrx_word' id='word_1_212' title='bbox 978 3302 1068 3379; x_wconf 81' lang='lat' dir='ltr'>vesci</span> <span class='ocrx_word' id='word_1_213' title='bbox 1081 3302 1210 3402; x_wconf 80' lang='lat' dir='ltr'>abique</span> <span class='ocrx_word' id='word_1_214' title='bbox 1227 3300 1346 3378; x_wconf 83' lang='lat' dir='ltr'>lethaii</span> 
     </span>
     <span class='ocr_line' id='line_1_29' title="bbox 288 3400 1351 3505; baseline -0.004 -23"><span class='ocrx_word' id='word_1_215' title='bbox 288 3416 440 3505; x_wconf 88' lang='lat' dir='ltr'>peccato</span> <span class='ocrx_word' id='word_1_216' title='bbox 457 3430 532 3481; x_wconf 91' lang='lat' dir='ltr'>non</span> <span class='ocrx_word' id='word_1_217' title='bbox 545 3404 689 3504; x_wconf 79' lang='lat' dir='ltr'>paisant</span> <span class='ocrx_word' id='word_1_218' title='bbox 708 3410 764 3482; x_wconf 91' lang='lat' dir='ltr'>die</span> <span class='ocrx_word' id='word_1_219' title='bbox 778 3405 980 3483; x_wconf 82' lang='lat' dir='ltr'>Dominicae</span> <span class='ocrx_word' id='word_1_220' title='bbox 993 3401 1195 3480; x_wconf 83' lang='lat' dir='ltr'>Natiuitatis</span> <span class='ocrx_word' id='word_1_221' title='bbox 1217 3405 1251 3477; x_wconf 95' lang='lat' dir='ltr'>in</span> <span class='ocrx_word' id='word_1_222' title='bbox 1273 3400 1351 3478; x_wconf 80' lang='lat' dir='ltr'>sex·-</span> 
     </span>
     <span class='ocr_line' id='line_1_30' title="bbox 288 3499 1350 3590; baseline -0.007 -6"><span class='ocrx_word' id='word_1_223' title='bbox 288 3528 361 3584; x_wconf 87' lang='lat' dir='ltr'>tatn</span> <span class='ocrx_word' id='word_1_224' title='bbox 377 3503 513 3583; x_wconf 86' lang='lat' dir='ltr'>Feriam</span> <span class='ocrx_word' id='word_1_225' title='bbox 529 3509 717 3590; x_wconf 86' lang='lat' dir='ltr'>incidente.</span> <span class='ocrx_word' id='word_1_226' title='bbox 749 3504 849 3584; x_wconf 88' lang='lat' dir='ltr'>Idem</span> <span class='ocrx_word' id='word_1_227' title='bbox 869 3506 914 3579; x_wconf 93' lang='lat' dir='ltr'>de</span> <span class='ocrx_word' id='word_1_228' title='bbox 935 3503 1171 3583; x_wconf 81' lang='lat' dir='ltr'>Carthuiranis</span> <span class='ocrx_word' id='word_1_229' title='bbox 1191 3503 1250 3581; x_wconf 80' lang='lat' dir='ltr'>‚dc</span> <span class='ocrx_word' id='word_1_230' title='bbox 1278 3499 1350 3578; x_wconf 80' lang='lat' dir='ltr'>Mi·</span> 
     </span>
     <span class='ocr_line' id='line_1_31' title="bbox 289 3601 1349 3700; baseline -0.003 -17"><span class='ocrx_word' id='word_1_231' title='bbox 289 3607 395 3683; x_wconf 85' lang='lat' dir='ltr'>nimie</span> <span class='ocrx_word' id='word_1_232' title='bbox 421 3606 456 3685; x_wconf 87' lang='lat' dir='ltr'>S.</span> <span class='ocrx_word' id='word_1_233' title='bbox 479 3606 652 3697; x_wconf 77' lang='lat' dir='ltr'>Francisci</span> <span class='ocrx_word' id='word_1_234' title='bbox 673 3608 717 3682; x_wconf 90' lang='lat' dir='ltr'>de</span> <span class='ocrx_word' id='word_1_235' title='bbox 738 3606 842 3689; x_wconf 88' lang='lat' dir='ltr'>Paula</span> <span class='ocrx_word' id='word_1_236' title='bbox 872 3605 1022 3683; x_wconf 89' lang='lat' dir='ltr'>alumnis</span> <span class='ocrx_word' id='word_1_237' title='bbox 1045 3601 1258 3687; x_wconf 89' lang='lat' dir='ltr'>dicendum,</span> <span class='ocrx_word' id='word_1_238' title='bbox 1285 3601 1349 3700; x_wconf 80' lang='lat' dir='ltr'>qui</span> 
     </span>
     <span class='ocr_line' id='line_1_32' title="bbox 285 3702 1350 3803; baseline -0.014 -17"><span class='ocrx_word' id='word_1_239' title='bbox 285 3722 377 3786; x_wconf 79' lang='lat' dir='ltr'>voto</span> <span class='ocrx_word' id='word_1_240' title='bbox 390 3711 774 3803; x_wconf 77' lang='lat' dir='ltr'>perpetuaacatnibus</span> <span class='ocrx_word' id='word_1_241' title='bbox 787 3707 1003 3782; x_wconf 81' lang='lat' dir='ltr'>abstinentiae</span> <span class='ocrx_word' id='word_1_242' title='bbox 1022 3702 1056 3780; x_wconf 87' lang='lat' dir='ltr'>se</span> <span class='ocrx_word' id='word_1_243' title='bbox 1069 3704 1350 3801; x_wconf 81' lang='lat' dir='ltr'>obstrinxerunt.</span> 
     </span>
    </p>

    <p class='ocr_par' dir='ltr' id='par_1_9' title="bbox 286 3802 1349 4099">
     <span class='ocr_line' id='line_1_33' title="bbox 337 3802 1347 3901; baseline 0 -21"><span class='ocrx_word' id='word_1_244' title='bbox 337 3802 485 3900; x_wconf 74' lang='lat' dir='ltr'>Regula</span> <span class='ocrx_word' id='word_1_245' title='bbox 503 3829 582 3895; x_wconf 84' lang='lat' dir='ltr'>pars</span> <span class='ocrx_word' id='word_1_246' title='bbox 596 3811 702 3885; x_wconf 80' lang='lat' dir='ltr'>altera</span> <span class='ocrx_word' id='word_1_247' title='bbox 729 3810 849 3884; x_wconf 88' lang='lat' dir='ltr'>nititur</span> <span class='ocrx_word' id='word_1_248' title='bbox 869 3804 1347 3901; x_wconf 79' lang='lat' dir='ltr'>icciefiarumqusrumaam</span> 
     </span>
     <span class='ocr_line' id='line_1_34' title="bbox 286 3900 1349 4007; baseline -0.01 -22"><span class='ocrx_word' id='word_1_249' title='bbox 286 3904 568 3990; x_wconf 79' lang='lat' dir='ltr'>consuetudine,</span> <span class='ocrx_word' id='word_1_250' title='bbox 584 3931 692 4003; x_wconf 86' lang='lat' dir='ltr'>quam</span> <span class='ocrx_word' id='word_1_251' title='bbox 720 3923 802 3987; x_wconf 86' lang='lat' dir='ltr'>tuto</span> <span class='ocrx_word' id='word_1_252' title='bbox 817 3908 913 4007; x_wconf 76' lang='lat' dir='ltr'>isqui</span> <span class='ocrx_word' id='word_1_253' title='bbox 941 3903 1086 4003; x_wconf 78' lang='lat' dir='ltr'>poffunt</span> <span class='ocrx_word' id='word_1_254' title='bbox 1106 3963 1116 3993; x_wconf 90' lang='lat'><strong>,</strong></span> <span class='ocrx_word' id='word_1_255' title='bbox 1134 3907 1195 3999; x_wconf 83' lang='lat' dir='ltr'>qui</span> <span class='ocrx_word' id='word_1_256' title='bbox 1224 3906 1258 3976; x_wconf 91' lang='lat' dir='ltr'>in</span> <span class='ocrx_word' id='word_1_257' title='bbox 1285 3900 1349 3974; x_wconf 79' lang='lat' dir='ltr'>iliis</span> 
     </span>
     <span class='ocr_line' id='line_1_35' title="bbox 289 3999 1348 4099; baseline -0.009 -14"><span class='ocrx_word' id='word_1_258' title='bbox 289 4007 416 4095; x_wconf 71' lang='lat' dir='ltr'>vivunt</span> <span class='ocrx_word' id='word_1_259' title='bbox 429 4003 588 4094; x_wconf 78' lang='lat' dir='ltr'>Ecciefiis</span> <span class='ocrx_word' id='word_1_260' title='bbox 603 4062 609 4082; x_wconf 87' lang='grc'><strong><em>,</em></strong></span> <span class='ocrx_word' id='word_1_261' title='bbox 625 4007 820 4085; x_wconf 78' lang='lat' dir='ltr'>secundum</span> <span class='ocrx_word' id='word_1_262' title='bbox 837 4008 923 4084; x_wconf 86' lang='lat' dir='ltr'>iilud</span> <span class='ocrx_word' id='word_1_263' title='bbox 937 4014 967 4079; x_wconf 92' lang='lat' dir='ltr'>S.</span> <span class='ocrx_word' id='word_1_264' title='bbox 984 4003 1178 4099; x_wconf 76' lang='lat' dir='ltr'>Augudbn&#39;,</span> <span class='ocrx_word' id='word_1_265' title='bbox 1195 3999 1348 4093; x_wconf 73' lang='lat' dir='ltr'>Epistola</span> 
     </span>
    </p>
   </div>
   <div class='ocr_carea' id='block_1_9' title="bbox 285 4102 1358 4695">
    <p class='ocr_par' dir='ltr' id='par_1_10' title="bbox 285 4102 1358 4695">
     <span class='ocr_line' id='line_1_36' title="bbox 285 4102 1350 4211; baseline -0.01 -26"><span class='ocrx_word' id='word_1_266' title='bbox 285 4106 332 4185; x_wconf 85' lang='lat' dir='ltr'>ad</span> <span class='ocrx_word' id='word_1_267' title='bbox 355 4107 585 4198; x_wconf 62' lang='lat' dir='ltr'>januarium.</span> <span class='ocrx_word' id='word_1_268' title='bbox 617 4127 673 4211; x_wconf 62' lang='lat'>54</span> <span class='ocrx_word' id='word_1_269' title='bbox 699 4107 778 4185; x_wconf 81' lang='lat' dir='ltr'>alias</span> <span class='ocrx_word' id='word_1_270' title='bbox 805 4103 886 4184; x_wconf 77' lang='lat'>118.</span> <span class='ocrx_word' id='word_1_271' title='bbox 908 4163 929 4198; x_wconf 87' lang='lat'>‚,</span> <span class='ocrx_word' id='word_1_272' title='bbox 955 4105 1035 4182; x_wconf 91' lang='lat' dir='ltr'>Nec</span> <span class='ocrx_word' id='word_1_273' title='bbox 1069 4102 1247 4199; x_wconf 79' lang='lat' dir='ltr'>disciplina</span> <span class='ocrx_word' id='word_1_274' title='bbox 1270 4102 1350 4207; x_wconf 81' lang='lat' dir='ltr'>(ia-</span> 
     </span>
     <span class='ocr_line' id='line_1_37' title="bbox 287 4201 1352 4301; baseline 0.001 -27"><span class='ocrx_word' id='word_1_275' title='bbox 287 4263 310 4301; x_wconf 51' lang='grc' dir='ltr'><strong>ω</strong></span> <span class='ocrx_word' id='word_1_276' title='bbox 329 4209 429 4301; x_wconf 83' lang='lat' dir='ltr'>quir)</span> <span class='ocrx_word' id='word_1_277' title='bbox 450 4204 519 4295; x_wconf 84' lang='lat' dir='ltr'>ulia</span> <span class='ocrx_word' id='word_1_278' title='bbox 547 4205 595 4282; x_wconf 84' lang='lat' dir='ltr'>est</span> <span class='ocrx_word' id='word_1_279' title='bbox 624 4210 659 4280; x_wconf 91' lang='lat' dir='ltr'>in</span> <span class='ocrx_word' id='word_1_280' title='bbox 694 4205 748 4281; x_wconf 89' lang='lat' dir='ltr'>his</span> <span class='ocrx_word' id='word_1_281' title='bbox 786 4209 913 4281; x_wconf 83' lang='lat' dir='ltr'>melior</span> <span class='ocrx_word' id='word_1_282' title='bbox 946 4207 1078 4301; x_wconf 85' lang='lat' dir='ltr'>gravi,</span> <span class='ocrx_word' id='word_1_283' title='bbox 1110 4201 1352 4297; x_wconf 81' lang='lat' dir='ltr'>prudentique</span> 
     </span>
     <span class='ocr_line' id='line_1_38' title="bbox 288 4300 1354 4401; baseline -0.011 -15"><span class='ocrx_word' id='word_1_284' title='bbox 288 4359 311 4401; x_wconf 85' lang='lat'>,‚</span> <span class='ocrx_word' id='word_1_285' title='bbox 327 4307 550 4385; x_wconf 75' lang='lat' dir='ltr'>Christiano,</span> <span class='ocrx_word' id='word_1_286' title='bbox 569 4327 676 4398; x_wconf 87' lang='lat' dir='ltr'>qoam</span> <span class='ocrx_word' id='word_1_287' title='bbox 690 4321 729 4382; x_wconf 91' lang='lat' dir='ltr'>ut</span> <span class='ocrx_word' id='word_1_288' title='bbox 745 4328 790 4380; x_wconf 88' lang='lat' dir='ltr'>ao</span> <span class='ocrx_word' id='word_1_289' title='bbox 802 4303 917 4381; x_wconf 90' lang='lat' dir='ltr'>modo</span> <span class='ocrx_word' id='word_1_290' title='bbox 935 4319 1039 4399; x_wconf 86' lang='lat' dir='ltr'>agat,</span> <span class='ocrx_word' id='word_1_291' title='bbox 1058 4324 1134 4399; x_wconf 88' lang='lat' dir='ltr'>quo</span> <span class='ocrx_word' id='word_1_292' title='bbox 1166 4323 1271 4396; x_wconf 87' lang='lat' dir='ltr'>agere</span> <span class='ocrx_word' id='word_1_293' title='bbox 1301 4300 1354 4374; x_wconf 76' lang='lat' dir='ltr'>vi-</span> 
     </span>
     <span class='ocr_line' id='line_1_39' title="bbox 287 4401 1349 4504; baseline -0.019 -20"><span class='ocrx_word' id='word_1_294' title='bbox 287 4461 311 4501; x_wconf 80' lang='lat'>„</span> <span class='ocrx_word' id='word_1_295' title='bbox 327 4408 419 4495; x_wconf 85' lang='lat' dir='ltr'>derit</span> <span class='ocrx_word' id='word_1_296' title='bbox 435 4404 644 4491; x_wconf 71' lang='lat' dir='ltr'>flectebam,</span> <span class='ocrx_word' id='word_1_297' title='bbox 659 4406 703 4482; x_wconf 92' lang='lat' dir='ltr'>ad</span> <span class='ocrx_word' id='word_1_298' title='bbox 721 4428 828 4504; x_wconf 87' lang='lat' dir='ltr'>quam</span> <span class='ocrx_word' id='word_1_299' title='bbox 846 4403 940 4480; x_wconf 85' lang='lat' dir='ltr'>forte</span> <span class='ocrx_word' id='word_1_300' title='bbox 954 4406 1137 4481; x_wconf 85' lang='lat' dir='ltr'>devenerit</span> <span class='ocrx_word' id='word_1_301' title='bbox 1157 4446 1192 4490; x_wconf 82' lang='lat'>„·</span> <span class='ocrx_word' id='word_1_302' title='bbox 1212 4401 1270 4474; x_wconf 84' lang='lat' dir='ltr'>Sic</span> <span class='ocrx_word' id='word_1_303' title='bbox 1282 4406 1349 4469; x_wconf 83' lang='lat' dir='ltr'>Au.</span> 
     </span>
     <span class='ocr_line' id='line_1_40' title="bbox 286 4497 1358 4609; baseline -0.003 -30"><span class='ocrx_word' id='word_1_304' title='bbox 286 4505 414 4609; x_wconf 73' lang='lat' dir='ltr'>gastim</span> <span class='ocrx_word' id='word_1_305' title='bbox 434 4510 485 4586; x_wconf 92' lang='lat' dir='ltr'>ob</span> <span class='ocrx_word' id='word_1_306' title='bbox 507 4509 648 4581; x_wconf 77' lang='lat' dir='ltr'>Merite</span> <span class='ocrx_word' id='word_1_307' title='bbox 665 4502 796 4586; x_wconf 82' lang='lat' dir='ltr'>Matris</span> <span class='ocrx_word' id='word_1_308' title='bbox 824 4503 1088 4584; x_wconf 80' lang='lat' dir='ltr'>dubitationem</span> <span class='ocrx_word' id='word_1_309' title='bbox 1119 4497 1358 4596; x_wconf 77' lang='lat' dir='ltr'>interroganti</span> 
     </span>
     <span class='ocr_line' id='line_1_41' title="bbox 774 4610 1310 4695; baseline -0.004 -12"><span class='ocrx_word' id='word_1_310' title='bbox 774 4610 802 4692; x_wconf 74' lang='grc' dir='ltr'>Α</span> <span class='ocrx_word' id='word_1_311' title='bbox 827 4629 847 4683; x_wconf 88' lang='lat' dir='ltr'>a</span> <span class='ocrx_word' id='word_1_312' title='bbox 872 4626 893 4683; x_wconf 84' lang='lat' dir='ltr'>a</span> <span class='ocrx_word' id='word_1_313' title='bbox 921 4622 939 4695; x_wconf 80' lang='lat'>3</span> <span class='ocrx_word' id='word_1_314' title='bbox 1252 4621 1310 4692; x_wconf 58' lang='lat' dir='ltr'>aas</span> 
     </span>
    </p>
   </div>
   <div class='ocr_carea' id='block_1_10' title="bbox 1461 4740 1555 4764">
    <p class='ocr_par' dir='ltr' id='par_1_11' title="bbox 1461 4740 1555 4764">
     <span class='ocr_line' id='line_1_42' title="bbox 1461 4740 1555 4764; baseline 0 0"><span class='ocrx_word' id='word_1_315' title='bbox 1461 4740 1555 4764; x_wconf 57' lang='lat'>*-</span> 
     </span>
    </p>
   </div>
   <div class='ocr_carea' id='block_1_11' title="bbox 0 0 1905 5375">
    <p class='ocr_par' dir='ltr' id='par_1_12' title="bbox 0 0 1905 5375">
     <span class='ocr_line' id='line_1_43' title="bbox 0 0 1905 5375; baseline 0 0"><span class='ocrx_word' id='word_1_316' title='bbox 0 0 1905 5375; x_wconf 95' lang='lat' dir='ltr'> </span> 
     </span>
    </p>
   </div>
  </div>
 </body>
</html>
