3792 5375
493 475 720 614 Denuntio
751 517 954 638 Decalogi
975 539 1199 646 praecepto,
1303 538 1389 635 691

318 690 467 772 ditionis
497 689 647 778 inludit,
668 708 730 771 tua
749 716 902 796 quoque
925 719 1011 776 cura
1034 722 1113 777 non
1131 697 1313 797 negligat,
1347 713 1392 776 ut

326 819 390 900 per
405 817 525 869 omma
543 793 646 866 nobis
658 847 669 877 ,
681 797 718 868 δι
737 793 808 896 lide
819 849 832 881 ,
845 800 883 870 dr
895 798 1030 877 acribus
1053 815 1333 898 congruamus„
1350 841 1389 888 „·

376 891 573 979 censarius
593 892 798 972 drelatenlir
817 894 1013 995 Episcopus
1023 895 1139 977 Hom.
1159 915 1215 973 12.
1228 901 1288 996 qui
1309 899 1390 978 Str-

327 1017 395 1074 mo
411 1007 460 1068 ett
475 999 512 1069 in
524 995 556 1067 S.
574 992 750 1089 arguunt
770 999 979 1095 appendice
999 1012 1087 1085 281.
1107 997 1287 1095 Populum
1308 1019 1390 1098 gre·

333 1098 423 1171 viter
440 1099 619 1190 increpat,
637 1097 739 1191 quod
752 1093 977 1186 Dominicis,
1006 1100 1044 1177 ἃ
1064 1099 1290 1179 lestirdiebur
1305 1091 1392 1175 Mii-

330 1194 402 1276 lam
426 1191 616 1292 integram
634 1216 710 1270 non
731 1197 881 1275 audirer·
907 1253 966 1291 „„
993 1198 1104 1295 Rogo
1134 1223 1200 1276 ros
1222 1201 1242 1296 (
1254 1192 1393 1292 lnquit)

334 1297 373 1370 dc
385 1312 531 1389 paterna
555 1299 686 1395 pietate
706 1315 954 1385 commoneo,
971 1317 1011 1377 ut
1031 1304 1192 1397 quoties,
1209 1302 1317 1377 autin
1334 1296 1394 1373 die

332 1392 558 1478 Dommico,
581 1410 646 1472 aut
659 1398 695 1471 in
708 1395 782 1474 aliis
798 1395 1002 1493 Maioribus
1021 1397 1134 1476 llliilae
1150 1398 1262 1487 fiunt,
1277 1398 1395 1500 nullut

332 1499 379 1573 ab
411 1492 563 1574 liccleliu
587 1498 778 1583 discedat,
807 1498 926 1575 donec
951 1502 1070 1577 dirim
1093 1498 1260 1602 Mysteria
1292 1522 1399 1575 com-

334 1596 510 1697 pleautur·
538 1595 583 1672 lit
602 1599 764 1704 quumvis
777 1599 879 1677 multi
895 1598 984 1684 ssot,
999 1602 1045 1677 de
1064 1622 1222 1693 quorum
1249 1596 1341 1685 fide,
1359 1599 1399 1674 dt

337 1697 535 1774 devotione
555 1701 784 1792 gaudemus,
811 1698 889 1776 l'unt
915 1716 1036 1777 tamen
1059 1700 1178 1795 plures
1210 1701 1328 1776 minor
1353 1697 1401 1774 dt

341 1799 449 1874 l'elute
462 1803 588 1876 animae
611 1798 678 1878 luae
698 1800 902 1896 cogitantes
921 1807 1008 1898 ,qui
1021 1800 1117 1876 ledis
1126 1800 1254 1881 divinis
1278 1799 1404 1876 letiio·

341 1900 447 1974 nibus
468 1897 583 1974 [latim
617 1897 662 1972 de
686 1896 838 1974 Ecclelia
867 1901 955 1976 loric
978 1915 1145 1984 exeum.
1169 1921 1255 1980 cum
1281 1914 1404 1976 tamen

339 2003 449 2076 etlam
466 1999 555 2076 dum
571 1993 651 2094 iplae
675 1996 845 2082 lectiones
865 1999 1060 2102 leguntur,
1079 1999 1188 2098 aliqui
1203 2022 1250 2075 ex
1263 1998 1327 2075 illis
1354 1999 1405 2075 ita

340 2099 464 2176 otiolis
476 2099 538 2182 ‚ur
557 2096 767 2201 leculorlbur
791 2099 917 2177 lanulis
939 2119 1164 2197 occupantur
1179 2117 1243 2182 ‚ut
1263 2123 1321 2174 ear
1335 2116 1405 2174 nec

341 2199 559 2294 ipliaudiant
575 2220 666 2280 ,nec
679 2200 768 2273 alios
781 2201 904 2278 audire
918 2203 1138 2300 permittant.
1163 2198 1222 2277 llll
1237 2199 1320 2276 tales
1334 2198 1406 2273 mi·

342 2319 411 2374 nus
433 2302 572 2374 anobrs
597 2299 849 2401 culparentur,
874 2299 900 2376 li·
925 2305 971 2378 ad
989 2299 1177 2379 Eccleliam
1205 2321 1281 2376 non
1304 2298 1406 2376 verri-

341 2418 422 2477 cent
437 2420 449 2487 ;
465 2403 546 2494 quia
561 2399 609 2476 ibr
630 2405 828 2495 probantur
844 2402 995 2495 amplus
1017 2401 1138 2499 Deum
1162 2401 1315 2487 laedere,
1340 2397 1406 2476 ubl

344 2515 577 2595 peccatorum
600 2519 769 2599 poterant
793 2500 1053 2599 indulgentiam
1079 2502 1341 2599 promereri...
1366 2495 1407 2572 Si

344 2602 533 2693 diligenter
569 2601 808 2675 attenderitis:
839 2605 1088 2698 cognolcetir,
1111 2603 1194 2697 quia
1217 2622 1293 2677 non
1317 2615 1408 2675 tuuc

332 2702 440 2785 ¹liunt
462 2696 574 2780 nlrrlrr
591 2745 601 2778 r
616 2701 763 2802 quando
785 2699 914 2779 drrrnae
934 2701 1154 2779 lectionario
1176 2697 1325 2777 Ecclelia
1350 2719 1410 2771 rc·

347 2819 522 2890 creantur,
538 2799 594 2873 led
608 2802 755 2890 quaudo
772 2822 919 2877 munera
932 2798 1134 2880 offeruntur
1155 2802 1218 2885 ,dr
1238 2796 1409 2894 Corpus.

347 2902 405 2976 vel
422 2899 739 2995 banguullomrol
762 2894 1002 2976 consecratur·
1028 2898 1124 2977 Nam
1147 2897 1315 2975 lectiones
1337 2893 1410 2972 lite

349 2997 582 3098 Prophencas
615 3041 626 3074 r
654 2998 725 3074 lire
759 2999 979 3092 Apollolicar
1006 3053 1017 3085 ,
1045 2998 1115 3074 five
1147 2996 1411 3095 Evangelicas,

351 3104 460 3178 etium
473 3123 509 3174 m
523 3097 691 3176 domiuus
707 3097 843 3183 vellus,
858 3115 920 3179 aut
941 3096 1005 3196 ipli
1023 3099 1164 3196 legere,
1178 3117 1240 3179 aut
1259 3096 1345 3171 alior
1362 3094 1415 3169 le·

351 3222 478 3301 gentes
495 3203 617 3275 audire
633 3197 796 3294 potestte:
813 3198 1128 3281 coniectationem
1154 3222 1240 3275 vero
1265 3194 1413 3285 Coruo·

348 3310 418 3379 tls.
440 3300 493 3375 vel
511 3301 697 3395 Sangurnis
711 3295 864 3377 Domini
889 3324 966 3375 non
988 3300 1069 3377 alibi
1081 3294 1144 3377 rifi
1158 3303 1194 3373 in
1213 3298 1329 3373 domo
1341 3290 1415 3373 Dei

348 3401 497 3481 audire,
513 3401 569 3479 vel
595 3398 713 3478 ridere
740 3402 896 3486 ooteltrs.
924 3400 1037 3485 ldeo,
1057 3401 1120 3497 qni
1145 3398 1223 3475 vult
1238 3389 1416 3499 Miffasad

354 3505 536 3599 integrum
554 3523 638 3577 cum
652 3501 892 3579 lucroanrrnae
918 3499 985 3577 luae
999 3501 1172 3576 celebrare
1192 3551 1204 3585 ,
1227 3497 1417 3595 usquequo

353 3600 471 3678 oratio
508 3600 704 3680 Dominio
726 3602 884 3684 dicatur,
906 3602 943 3676 δι
962 3596 1165 3679 iterentur
1192 3595 1334 3696 populo
1354 3596 1420 3670 de·

355 3700 637 3787 tur,l1umrllato
662 3722 820 3794 corpore
834 3747 847 3781 ‚
862 3700 900 3777 ἃ
922 3698 1146 3796 compuncto
1167 3695 1330 3775 cordele
1354 3695 1424 3771 dt·
1573 3773 1575 3777 .

354 3804 417 3878 bet
435 3803 473 3878 iu
493 3796 644 3882 uectem
665 3816 863 3879 connnere·
904 3798 1000 3880 Cum
1026 3807 1123 3878 enlm
1154 3802 1310 3877 maxima
1339 3813 1421 3892 part
1559 3833 1561 3837 ·
1644 3806 1646 3811 ·

359 3903 510 4004 populi,
528 3901 625 3982 iuro,
638 3901 740 4005 quod
763 3901 864 3995 pejus
886 3902 960 3984 est,
991 3923 1082 4001 pene
1101 3921 1231 3975 omnes
1247 3896 1424 3984 ,recitatio

360 4005 573 4083 lectionibus
602 4015 738 4076 exeunt
751 4000 796 4075 de
809 4000 987 4087 licclelin,
1012 4006 1070 4080 cui
1092 3999 1248 4077 ditiorur
1282 3995 1332 4071 est
1362 3990 1425 4067 Sa·

364 4104 515 4183 ctrd0⁸2
541 4110 673 4187 tartum
695 4098 909 4181 “lldaiduc
929 4097 1124 4197 quomodo
1149 4097 1281 4176 lurlum
1307 4093 1339 4169 le
1364 4092 1428 4167 ha·

367 4211 450 4280 bere
468 4198 578 4283 corda
598 4196 810 4298 respondete
836 4197 1003 4296 poliunt,
1030 4200 1091 4298 qui
1117 4195 1284 4273 deorl‘um
1299 4193 1335 4269 iu
1352 4191 1428 4288 pla·

367 4311 433 4385 teis
445 4357 456 4391 ,
470 4306 508 4383 dc
527 4323 683 4395 corpore
707 4298 811 4383 limul
824 4347 836 4382 r
849 4305 885 4376 dr
904 4302 1015 4378 corde
1028 4294 1263 4375 disceduntl.
1279 4348 1312 4369 ..
1339 4292 1435 4385 Qut-

365 4407 431 4482 bus
457 4428 533 4480 oon
556 4396 701 4485 sufficit,
715 4401 818 4499 quod
840 4423 903 4500 per
928 4416 1045 4479 totam
1067 4391 1435 4478 hebdomadam,aut

364 4500 669 4603 pronecellrtate,
685 4502 871 4583 rotrone,
888 4503 988 4598 quod
1009 4499 1125 4578 verius
1147 4496 1220 4585 est,
1244 4516 1311 4597 pro
1333 4492 1437 4585 cuul-

745 4596 967 4693 -an
1333 4592 1431 4670 Ol·-
