<?xml version="1.0" encoding="UTF-8"?>
<!DOCTYPE html PUBLIC "-//W3C//DTD XHTML 1.0 Transitional//EN"
    "http://www.w3.org/TR/xhtml1/DTD/xhtml1-transitional.dtd">
<html xmlns="http://www.w3.org/1999/xhtml" xml:lang="en" lang="en">
 <head>
  <title>
</title>
<meta http-equiv="Content-Type" content="text/html;charset=utf-8" />
  <meta name='ocr-system' content='tesseract 3.04.00' />
  <meta name='ocr-capabilities' content='ocr_page ocr_carea ocr_par ocr_line ocrx_word'/>
</head>
<body>
  <div class='ocr_page' id='page_1' title='image "./theologiadogmat08alexgoog_0641.png"; bbox 0 0 3792 5375; ppageno 0'>
   <div class='ocr_carea' id='block_1_1' title="bbox 228 359 1595 664">
    <p class='ocr_par' dir='ltr' id='par_1_1' title="bbox 228 359 1595 664">
     <span class='ocr_line' id='line_1_1' title="bbox 228 359 1595 664; baseline -0.012 -35"><span class='ocrx_word' id='word_1_1' title='bbox 228 359 450 627; x_wconf 52' lang='lat' dir='ltr'><em>l</em></span> <span class='ocrx_word' id='word_1_2' title='bbox 460 654 464 664; x_wconf 26' lang='grc' dir='ltr'>Ι</span> <span class='ocrx_word' id='word_1_3' title='bbox 516 548 605 645; x_wconf 71' lang='lat'><em>⁶4²</em></span> <span class='ocrx_word' id='word_1_4' title='bbox 706 521 863 648; x_wconf 82' lang='lat' dir='ltr'><em>Theoi.</em></span> <span class='ocrx_word' id='word_1_5' title='bbox 884 523 1001 641; x_wconf 83' lang='lat' dir='ltr'><em>Dog.</em></span> <span class='ocrx_word' id='word_1_6' title='bbox 1018 527 1062 618; x_wconf 78' lang='lat' dir='ltr'><em>dc</em></span> <span class='ocrx_word' id='word_1_7' title='bbox 1089 451 1242 620; x_wconf 62' lang='lat' dir='ltr'><em>urrisu.</em></span> <span class='ocrx_word' id='word_1_8' title='bbox 1264 523 1452 626; x_wconf 83' lang='lat' dir='ltr'><em>[ib.th</em></span> <span class='ocrx_word' id='word_1_9' title='bbox 1584 477 1595 490; x_wconf 17' lang='grc' dir='ltr'>ι</span> 
     </span>
    </p>
   </div>
   <div class='ocr_carea' id='block_1_2' title="bbox 361 695 1580 2798">
    <p class='ocr_par' dir='ltr' id='par_1_2' title="bbox 361 695 1580 998">
     <span class='ocr_line' id='line_1_2' title="bbox 516 695 1580 795; baseline 0.001 -16"><span class='ocrx_word' id='word_1_10' title='bbox 516 704 603 785; x_wconf 88' lang='lat' dir='ltr'><em>Deo</em></span> <span class='ocrx_word' id='word_1_11' title='bbox 624 714 740 785; x_wconf 86' lang='lat' dir='ltr'><em>certa,</em></span> <span class='ocrx_word' id='word_1_12' title='bbox 764 701 801 776; x_wconf 73' lang='grc' dir='ltr'><em>δι</em></span> <span class='ocrx_word' id='word_1_13' title='bbox 823 699 935 778; x_wconf 75' lang='lat' dir='ltr'><em>santia</em></span> <span class='ocrx_word' id='word_1_14' title='bbox 956 701 1140 778; x_wconf 84' lang='lat' dir='ltr'><em>invenitur</em></span> <span class='ocrx_word' id='word_1_15' title='bbox 1164 755 1235 792; x_wconf 80' lang='lat'><em>„„.</em></span> <span class='ocrx_word' id='word_1_16' title='bbox 1260 695 1361 776; x_wconf 84' lang='lat' dir='ltr'>Idem</span> <span class='ocrx_word' id='word_1_17' title='bbox 1380 698 1508 778; x_wconf 70' lang='lat' dir='ltr'><em>uastat</em></span> <span class='ocrx_word' id='word_1_18' title='bbox 1526 707 1580 795; x_wconf 54' lang='lat' dir='ltr'><em>aras</em></span> 
     </span>
     <span class='ocr_line' id='line_1_3' title="bbox 361 798 1576 901; baseline -0.004 -22"><span class='ocrx_word' id='word_1_19' title='bbox 361 831 363 838; x_wconf 92' lang='lat'>·</span> <span class='ocrx_word' id='word_1_20' title='bbox 519 819 736 901; x_wconf 84' lang='lat' dir='ltr'><em>gumentum</em></span> <span class='ocrx_word' id='word_1_21' title='bbox 761 800 875 895; x_wconf 76' lang='lat' dir='ltr'><em>lib-4</em></span> <span class='ocrx_word' id='word_1_22' title='bbox 902 805 958 874; x_wconf 80' lang='lat' dir='ltr'><em>De</em></span> <span class='ocrx_word' id='word_1_23' title='bbox 982 798 1097 886; x_wconf 72' lang='lat' dir='ltr'><em>Getes</em></span> <span class='ocrx_word' id='word_1_24' title='bbox 1123 807 1311 873; x_wconf 70' lang='lat' dir='ltr'><em>adurerent</em></span> <span class='ocrx_word' id='word_1_25' title='bbox 1331 841 1343 880; x_wconf 88' lang='lat'>,</span> <span class='ocrx_word' id='word_1_26' title='bbox 1364 823 1446 900; x_wconf 85' lang='lat' dir='ltr'><em>cap.</em></span> <span class='ocrx_word' id='word_1_27' title='bbox 1464 803 1576 886; x_wconf 60' lang='lat' dir='ltr'><em>tu&amp;</em></span> 
     </span>
     <span class='ocr_line' id='line_1_4' title="bbox 518 904 758 998; baseline -0.013 -17"><span class='ocrx_word' id='word_1_28' title='bbox 518 904 758 998; x_wconf 77' lang='lat' dir='ltr'><em>sequentibus·</em></span> 
     </span>
    </p>

    <p class='ocr_par' dir='ltr' id='par_1_3' title="bbox 512 997 1579 2798">
     <span class='ocr_line' id='line_1_5' title="bbox 569 997 1579 1099; baseline 0.006 -20"><span class='ocrx_word' id='word_1_29' title='bbox 569 1000 686 1099; x_wconf 84' lang='lat' dir='ltr'><em>Jodaei</em></span> <span class='ocrx_word' id='word_1_30' title='bbox 702 998 886 1078; x_wconf 77' lang='lat' dir='ltr'>carnaliter</span> <span class='ocrx_word' id='word_1_31' title='bbox 901 997 1082 1080; x_wconf 87' lang='lat' dir='ltr'><em>sabbatum</em></span> <span class='ocrx_word' id='word_1_32' title='bbox 1095 998 1347 1086; x_wconf 78' lang='lat' dir='ltr'>observabant,</span> <span class='ocrx_word' id='word_1_33' title='bbox 1364 997 1473 1098; x_wconf 72' lang='lat' dir='ltr'><em>ignit</em></span> <span class='ocrx_word' id='word_1_34' title='bbox 1487 1002 1579 1084; x_wconf 69' lang='lat' dir='ltr'><em>dun</em></span> 
     </span>
     <span class='ocr_line' id='line_1_6' title="bbox 518 1099 1578 1196; baseline 0.004 -17"><span class='ocrx_word' id='word_1_35' title='bbox 518 1115 640 1185; x_wconf 85' lang='lat' dir='ltr'><em>taxat,</em></span> <span class='ocrx_word' id='word_1_36' title='bbox 663 1123 738 1177; x_wconf 88' lang='lat' dir='ltr'><em>noo</em></span> <span class='ocrx_word' id='word_1_37' title='bbox 765 1103 870 1179; x_wconf 86' lang='lat' dir='ltr'><em>rebus</em></span> <span class='ocrx_word' id='word_1_38' title='bbox 889 1099 1089 1196; x_wconf 80' lang='lat' dir='ltr'><em>fignificatis</em></span> <span class='ocrx_word' id='word_1_39' title='bbox 1113 1101 1347 1191; x_wconf 58' lang='lat' dir='ltr'><em>inhaerentem</em></span> <span class='ocrx_word' id='word_1_40' title='bbox 1370 1105 1406 1176; x_wconf 80' lang='lat' dir='ltr'><em>dr</em></span> <span class='ocrx_word' id='word_1_41' title='bbox 1431 1101 1578 1184; x_wconf 84' lang='lat' dir='ltr'><em>sabbato</em></span> 
     </span>
     <span class='ocr_line' id='line_1_7' title="bbox 518 1199 1577 1306; baseline 0.004 -28"><span class='ocrx_word' id='word_1_42' title='bbox 518 1226 596 1279; x_wconf 88' lang='lat' dir='ltr'><em>uon</em></span> <span class='ocrx_word' id='word_1_43' title='bbox 617 1202 662 1277; x_wconf 87' lang='lat' dir='ltr'><em>ad</em></span> <span class='ocrx_word' id='word_1_44' title='bbox 695 1203 854 1298; x_wconf 86' lang='lat' dir='ltr'><em>quietem</em></span> <span class='ocrx_word' id='word_1_45' title='bbox 875 1205 984 1277; x_wconf 85' lang='lat' dir='ltr'><em>animi</em></span> <span class='ocrx_word' id='word_1_46' title='bbox 1006 1207 1042 1278; x_wconf 90' lang='lat' dir='ltr'><em>in</em></span> <span class='ocrx_word' id='word_1_47' title='bbox 1074 1199 1156 1280; x_wconf 89' lang='lat' dir='ltr'><em>Deo</em></span> <span class='ocrx_word' id='word_1_48' title='bbox 1183 1203 1493 1306; x_wconf 72' lang='lat' dir='ltr'><em>comparandam.</em></span> <span class='ocrx_word' id='word_1_49' title='bbox 1519 1203 1577 1282; x_wconf 87' lang='lat' dir='ltr'><em>sed</em></span> 
     </span>
     <span class='ocr_line' id='line_1_8' title="bbox 518 1299 1578 1395; baseline 0.003 -18"><span class='ocrx_word' id='word_1_50' title='bbox 518 1306 563 1378; x_wconf 87' lang='lat' dir='ltr'><em>ad</em></span> <span class='ocrx_word' id='word_1_51' title='bbox 588 1299 773 1378; x_wconf 76' lang='lat' dir='ltr'><em>externam</em></span> <span class='ocrx_word' id='word_1_52' title='bbox 795 1314 964 1378; x_wconf 72' lang='lat' dir='ltr'><em>tantum,</em></span> <span class='ocrx_word' id='word_1_53' title='bbox 987 1303 1025 1378; x_wconf 74' lang='grc' dir='ltr'><em>δι</em></span> <span class='ocrx_word' id='word_1_54' title='bbox 1047 1301 1272 1394; x_wconf 76' lang='lat' dir='ltr'>corporalem</span> <span class='ocrx_word' id='word_1_55' title='bbox 1294 1306 1451 1395; x_wconf 85' lang='lat' dir='ltr'><em>quietem</em></span> <span class='ocrx_word' id='word_1_56' title='bbox 1467 1304 1578 1383; x_wconf 82' lang='lat' dir='ltr'><em>abusu.</em></span> 
     </span>
     <span class='ocr_line' id='line_1_9' title="bbox 521 1398 1579 1488; baseline -0.002 -10"><span class='ocrx_word' id='word_1_57' title='bbox 521 1402 629 1478; x_wconf 88' lang='lat' dir='ltr'>Unde</span> <span class='ocrx_word' id='word_1_58' title='bbox 653 1402 795 1476; x_wconf 89' lang='lat' dir='ltr'><em>illorum</em></span> <span class='ocrx_word' id='word_1_59' title='bbox 816 1400 953 1476; x_wconf 90' lang='lat' dir='ltr'><em>sabbata</em></span> <span class='ocrx_word' id='word_1_60' title='bbox 977 1402 1010 1477; x_wconf 90' lang='lat' dir='ltr'><em>se</em></span> <span class='ocrx_word' id='word_1_61' title='bbox 1032 1399 1143 1477; x_wconf 86' lang='lat' dir='ltr'><em>odisse</em></span> <span class='ocrx_word' id='word_1_62' title='bbox 1163 1398 1346 1478; x_wconf 76' lang='lat' dir='ltr'>Dominus</span> <span class='ocrx_word' id='word_1_63' title='bbox 1364 1404 1414 1477; x_wconf 87' lang='lat' dir='ltr'><em>ait</em></span> <span class='ocrx_word' id='word_1_64' title='bbox 1434 1398 1529 1482; x_wconf 85' lang='lat' dir='ltr'><em>lsaiae</em></span> <span class='ocrx_word' id='word_1_65' title='bbox 1547 1423 1579 1488; x_wconf 84' lang='lat' dir='ltr'><em>r.</em></span> 
     </span>
     <span class='ocr_line' id='line_1_10' title="bbox 517 1493 1577 1597; baseline 0.006 -29"><span class='ocrx_word' id='word_1_66' title='bbox 517 1504 742 1575; x_wconf 75' lang='lat' dir='ltr'><em>Neomeniatn</em></span> <span class='ocrx_word' id='word_1_67' title='bbox 761 1500 930 1597; x_wconf 83' lang='lat' dir='ltr'><em>(lnquit)</em></span> <span class='ocrx_word' id='word_1_68' title='bbox 954 1506 998 1572; x_wconf 64' lang='grc' dir='ltr'><em>(θ’</em></span> <span class='ocrx_word' id='word_1_69' title='bbox 1011 1499 1189 1571; x_wconf 76' lang='lat' dir='ltr'><em>Sabbatum</em></span> <span class='ocrx_word' id='word_1_70' title='bbox 1200 1554 1211 1586; x_wconf 91' lang='lat'><strong>,</strong></span> <span class='ocrx_word' id='word_1_71' title='bbox 1223 1493 1480 1589; x_wconf 67' lang='lat' dir='ltr'><em>&amp;festivitates</em></span> <span class='ocrx_word' id='word_1_72' title='bbox 1492 1503 1577 1576; x_wconf 82' lang='lat' dir='ltr'><em>altas</em></span> 
     </span>
     <span class='ocr_line' id='line_1_11' title="bbox 519 1597 1574 1695; baseline 0.006 -27"><span class='ocrx_word' id='word_1_73' title='bbox 519 1623 582 1672; x_wconf 92' lang='lat' dir='ltr'><em>non</em></span> <span class='ocrx_word' id='word_1_74' title='bbox 600 1597 733 1689; x_wconf 79' lang='lat' dir='ltr'><em>setam,</em></span> <span class='ocrx_word' id='word_1_75' title='bbox 761 1604 869 1695; x_wconf 84' lang='lat' dir='ltr'><em>iniqui</em></span> <span class='ocrx_word' id='word_1_76' title='bbox 887 1599 966 1687; x_wconf 75' lang='lat' dir='ltr'><em>sunt</em></span> <span class='ocrx_word' id='word_1_77' title='bbox 987 1621 1086 1670; x_wconf 79' lang='lat' dir='ltr'><em>tatus</em></span> <span class='ocrx_word' id='word_1_78' title='bbox 1108 1597 1208 1679; x_wconf 84' lang='lat' dir='ltr'><em>velltt</em></span> <span class='ocrx_word' id='word_1_79' title='bbox 1221 1622 1234 1676; x_wconf 68' lang='grc' dir='ltr'>ι</span> <span class='ocrx_word' id='word_1_80' title='bbox 1248 1601 1406 1670; x_wconf 82' lang='lat' dir='ltr'><em>Calendas</em></span> <span class='ocrx_word' id='word_1_81' title='bbox 1424 1599 1574 1693; x_wconf 73' lang='lat' dir='ltr'><em>nestun,</em></span> 
     </span>
     <span class='ocr_line' id='line_1_12' title="bbox 521 1696 1577 1793; baseline 0.004 -24"><span class='ocrx_word' id='word_1_82' title='bbox 521 1705 566 1774; x_wconf 72' lang='lat' dir='ltr'><em>o·</em></span> <span class='ocrx_word' id='word_1_83' title='bbox 588 1698 811 1787; x_wconf 74' lang='lat' dir='ltr'><em>solemnitates</em></span> <span class='ocrx_word' id='word_1_84' title='bbox 834 1702 958 1775; x_wconf 80' lang='lat' dir='ltr'><em>otdtas</em></span> <span class='ocrx_word' id='word_1_85' title='bbox 982 1704 1094 1772; x_wconf 82' lang='lat' dir='ltr'><em>adivit</em></span> <span class='ocrx_word' id='word_1_86' title='bbox 1128 1706 1238 1772; x_wconf 73' lang='lat' dir='ltr'><em>amna</em></span> <span class='ocrx_word' id='word_1_87' title='bbox 1259 1722 1361 1781; x_wconf 81' lang='lat' dir='ltr'><em>tura,-</em></span> <span class='ocrx_word' id='word_1_88' title='bbox 1383 1696 1479 1793; x_wconf 69' lang='lat' dir='ltr'><em>feisa</em></span> <span class='ocrx_word' id='word_1_89' title='bbox 1499 1701 1577 1788; x_wconf 71' lang='lat' dir='ltr'><em>daus</em></span> 
     </span>
     <span class='ocr_line' id='line_1_13' title="bbox 517 1796 1576 1892; baseline 0.003 -19"><span class='ocrx_word' id='word_1_90' title='bbox 517 1799 600 1873; x_wconf 83' lang='lat' dir='ltr'><em>mihi</em></span> <span class='ocrx_word' id='word_1_91' title='bbox 627 1796 779 1886; x_wconf 73' lang='lat' dir='ltr'><em>molest,</em></span> <span class='ocrx_word' id='word_1_92' title='bbox 803 1797 958 1872; x_wconf 86' lang='lat' dir='ltr'><em>laboravi</em></span> <span class='ocrx_word' id='word_1_93' title='bbox 979 1799 1150 1892; x_wconf 74' lang='lat' dir='ltr'><em>sustinens.</em></span> <span class='ocrx_word' id='word_1_94' title='bbox 1185 1802 1233 1873; x_wconf 79' lang='lat' dir='ltr'><em>Et</em></span> <span class='ocrx_word' id='word_1_95' title='bbox 1260 1823 1333 1871; x_wconf 84' lang='lat' dir='ltr'><em>turn</em></span> <span class='ocrx_word' id='word_1_96' title='bbox 1354 1805 1576 1876; x_wconf 75' lang='lat' dir='ltr'><em>extenderitis</em></span> 
     </span>
     <span class='ocr_line' id='line_1_14' title="bbox 518 1895 1578 1986; baseline 0.006 -14"><span class='ocrx_word' id='word_1_97' title='bbox 518 1923 632 1972; x_wconf 83' lang='lat' dir='ltr'><em>manus</em></span> <span class='ocrx_word' id='word_1_98' title='bbox 653 1898 802 1986; x_wconf 75' lang='lat' dir='ltr'><em>vestus,</em></span> <span class='ocrx_word' id='word_1_99' title='bbox 832 1923 983 1972; x_wconf 82' lang='lat' dir='ltr'><em>avertant</em></span> <span class='ocrx_word' id='word_1_100' title='bbox 1003 1904 1110 1974; x_wconf 86' lang='lat' dir='ltr'><em>oculos</em></span> <span class='ocrx_word' id='word_1_101' title='bbox 1140 1922 1227 1972; x_wconf 79' lang='lat' dir='ltr'><em>aneos</em></span> <span class='ocrx_word' id='word_1_102' title='bbox 1245 1925 1266 1970; x_wconf 84' lang='lat' dir='ltr'><em>a</em></span> <span class='ocrx_word' id='word_1_103' title='bbox 1283 1895 1378 1972; x_wconf 83' lang='lat' dir='ltr'><em>vobis</em></span> <span class='ocrx_word' id='word_1_104' title='bbox 1399 1922 1415 1984; x_wconf 66' lang='lat' dir='ltr'><em>a</em></span> <span class='ocrx_word' id='word_1_105' title='bbox 1436 1907 1481 1976; x_wconf 65' lang='lat' dir='ltr'><em>ti*</em></span> <span class='ocrx_word' id='word_1_106' title='bbox 1501 1927 1578 1984; x_wconf 69' lang='lat' dir='ltr'><em>tun</em></span> 
     </span>
     <span class='ocr_line' id='line_1_15' title="bbox 518 1999 1576 2093; baseline 0.007 -21"><span class='ocrx_word' id='word_1_107' title='bbox 518 2000 828 2093; x_wconf 72' lang='lat' dir='ltr'><em>multiplicaveritis</em></span> <span class='ocrx_word' id='word_1_108' title='bbox 842 2005 1043 2090; x_wconf 84' lang='lat' dir='ltr'><em>stationem,</em></span> <span class='ocrx_word' id='word_1_109' title='bbox 1062 1999 1330 2074; x_wconf 78' lang='lat' dir='ltr'><em>noirtxaudiosn:</em></span> <span class='ocrx_word' id='word_1_110' title='bbox 1350 2003 1475 2075; x_wconf 82' lang='lat' dir='ltr'><em>Manus</em></span> <span class='ocrx_word' id='word_1_111' title='bbox 1486 2011 1576 2079; x_wconf 71' lang='lat' dir='ltr'><em>euin</em></span> 
     </span>
     <span class='ocr_line' id='line_1_16' title="bbox 519 2098 1573 2197; baseline 0.006 -26"><span class='ocrx_word' id='word_1_112' title='bbox 519 2098 632 2179; x_wconf 77' lang='lat' dir='ltr'><em>nesta</em></span> <span class='ocrx_word' id='word_1_113' title='bbox 652 2100 810 2197; x_wconf 73' lang='lat' dir='ltr'><em>sanguine</em></span> <span class='ocrx_word' id='word_1_114' title='bbox 832 2102 931 2197; x_wconf 80' lang='lat' dir='ltr'><em>pirna</em></span> <span class='ocrx_word' id='word_1_115' title='bbox 950 2101 1039 2189; x_wconf 77' lang='lat' dir='ltr'><em>sant.</em></span> <span class='ocrx_word' id='word_1_116' title='bbox 1071 2104 1286 2190; x_wconf 69' lang='lat' dir='ltr'><em>memini,</em></span> <span class='ocrx_word' id='word_1_117' title='bbox 1314 2105 1428 2173; x_wconf 86' lang='lat' dir='ltr'><em>nundi</em></span> <span class='ocrx_word' id='word_1_118' title='bbox 1454 2102 1573 2194; x_wconf 79' lang='lat' dir='ltr'><em>estote,</em></span> 
     </span>
     <span class='ocr_line' id='line_1_17' title="bbox 515 2197 1576 2298; baseline 0.004 -26"><span class='ocrx_word' id='word_1_119' title='bbox 515 2198 647 2292; x_wconf 80' lang='lat' dir='ltr'><em>auferte</em></span> <span class='ocrx_word' id='word_1_120' title='bbox 672 2205 794 2273; x_wconf 84' lang='lat' dir='ltr'><em>malunt</em></span> <span class='ocrx_word' id='word_1_121' title='bbox 814 2207 1051 2298; x_wconf 73' lang='lat' dir='ltr'><em>cogitationum</em></span> <span class='ocrx_word' id='word_1_122' title='bbox 1076 2201 1260 2282; x_wconf 82' lang='lat' dir='ltr'><em>velitatum</em></span> <span class='ocrx_word' id='word_1_123' title='bbox 1282 2197 1325 2273; x_wconf 82' lang='lat' dir='ltr'><em>ab</em></span> <span class='ocrx_word' id='word_1_124' title='bbox 1346 2202 1576 2288; x_wconf 69' lang='lat' dir='ltr'><em>natisnatis</em></span> 
     </span>
     <span class='ocr_line' id='line_1_18' title="bbox 517 2298 1572 2400; baseline 0 -29"><span class='ocrx_word' id='word_1_125' title='bbox 517 2302 673 2400; x_wconf 72' lang='lat' dir='ltr'><em>quiescite</em></span> <span class='ocrx_word' id='word_1_126' title='bbox 695 2323 788 2394; x_wconf 84' lang='lat' dir='ltr'><em>agere</em></span> <span class='ocrx_word' id='word_1_127' title='bbox 805 2300 974 2393; x_wconf 82' lang='lat' dir='ltr'><em>perverse,</em></span> <span class='ocrx_word' id='word_1_128' title='bbox 997 2301 1112 2386; x_wconf 85' lang='lat' dir='ltr'><em>discite</em></span> <span class='ocrx_word' id='word_1_129' title='bbox 1124 2298 1322 2393; x_wconf 77' lang='lat' dir='ltr'><em>benefacere.</em></span> <span class='ocrx_word' id='word_1_130' title='bbox 1346 2300 1388 2380; x_wconf 86' lang='lat' dir='ltr'><em>ln</em></span> <span class='ocrx_word' id='word_1_131' title='bbox 1412 2301 1572 2384; x_wconf 71' lang='lat' dir='ltr'><em>cessatio·</em></span> 
     </span>
     <span class='ocr_line' id='line_1_19' title="bbox 519 2403 1572 2500; baseline 0.004 -22"><span class='ocrx_word' id='word_1_132' title='bbox 519 2426 567 2478; x_wconf 87' lang='lat' dir='ltr'><em>ne</em></span> <span class='ocrx_word' id='word_1_133' title='bbox 588 2403 695 2498; x_wconf 85' lang='lat' dir='ltr'><em>igitur</em></span> <span class='ocrx_word' id='word_1_134' title='bbox 716 2425 735 2478; x_wconf 88' lang='lat' dir='ltr'><em>a</em></span> <span class='ocrx_word' id='word_1_135' title='bbox 752 2405 929 2499; x_wconf 85' lang='lat' dir='ltr'><em>peccatis,</em></span> <span class='ocrx_word' id='word_1_136' title='bbox 949 2405 985 2479; x_wconf 82' lang='lat' dir='ltr'><em>dr</em></span> <span class='ocrx_word' id='word_1_137' title='bbox 1010 2405 1047 2479; x_wconf 86' lang='lat' dir='ltr'><em>in</em></span> <span class='ocrx_word' id='word_1_138' title='bbox 1068 2405 1173 2481; x_wconf 83' lang='lat' dir='ltr'><em>bonis</em></span> <span class='ocrx_word' id='word_1_139' title='bbox 1192 2403 1380 2500; x_wconf 81' lang='lat' dir='ltr'><em>operibus.</em></span> <span class='ocrx_word' id='word_1_140' title='bbox 1406 2427 1489 2482; x_wconf 83' lang='lat' dir='ltr'><em>vera</em></span> <span class='ocrx_word' id='word_1_141' title='bbox 1504 2453 1516 2488; x_wconf 81' lang='lat'><strong>,</strong></span> <span class='ocrx_word' id='word_1_142' title='bbox 1533 2408 1572 2486; x_wconf 69' lang='grc' dir='ltr'><strong><em>ἁ</em></strong></span> 
     </span>
     <span class='ocr_line' id='line_1_20' title="bbox 513 2501 1568 2601; baseline -0.002 -23"><span class='ocrx_word' id='word_1_143' title='bbox 513 2505 602 2586; x_wconf 89' lang='lat' dir='ltr'><em>Deo</em></span> <span class='ocrx_word' id='word_1_144' title='bbox 627 2518 726 2598; x_wconf 85' lang='lat' dir='ltr'><em>grata</em></span> <span class='ocrx_word' id='word_1_145' title='bbox 746 2504 888 2579; x_wconf 84' lang='lat' dir='ltr'><em>Sabbatl</em></span> <span class='ocrx_word' id='word_1_146' title='bbox 927 2502 1126 2580; x_wconf 84' lang='lat' dir='ltr'><em>observatio</em></span> <span class='ocrx_word' id='word_1_147' title='bbox 1155 2501 1267 2601; x_wconf 84' lang='lat' dir='ltr'><em>polita</em></span> <span class='ocrx_word' id='word_1_148' title='bbox 1291 2518 1393 2581; x_wconf 69' lang='lat' dir='ltr'><em>erat,</em></span> <span class='ocrx_word' id='word_1_149' title='bbox 1418 2520 1467 2583; x_wconf 87' lang='lat' dir='ltr'><em>ut</em></span> <span class='ocrx_word' id='word_1_150' title='bbox 1490 2529 1568 2584; x_wconf 88' lang='lat' dir='ltr'><em>rut.</em></span> 
     </span>
     <span class='ocr_line' id='line_1_21' title="bbox 516 2600 1576 2700; baseline -0.002 -17"><span class='ocrx_word' id='word_1_151' title='bbox 516 2604 571 2683; x_wconf 88' lang='lat' dir='ltr'><em>sos</em></span> <span class='ocrx_word' id='word_1_152' title='bbox 593 2600 703 2678; x_wconf 90' lang='lat' dir='ltr'><em>docet</em></span> <span class='ocrx_word' id='word_1_153' title='bbox 727 2601 907 2681; x_wconf 86' lang='lat' dir='ltr'><em>Dominus</em></span> <span class='ocrx_word' id='word_1_154' title='bbox 941 2602 1031 2680; x_wconf 84' lang='lat' dir='ltr'><em>lsaiae</em></span> <span class='ocrx_word' id='word_1_155' title='bbox 1044 2604 1103 2700; x_wconf 82' lang='lat'><em>58.</em></span> <span class='ocrx_word' id='word_1_156' title='bbox 1140 2606 1177 2674; x_wconf 81' lang='lat' dir='ltr'><em>Si</em></span> <span class='ocrx_word' id='word_1_157' title='bbox 1195 2618 1361 2674; x_wconf 76' lang='lat' dir='ltr'><em>avertetis</em></span> <span class='ocrx_word' id='word_1_158' title='bbox 1383 2625 1405 2674; x_wconf 83' lang='lat' dir='ltr'><em>a</em></span> <span class='ocrx_word' id='word_1_159' title='bbox 1430 2603 1576 2693; x_wconf 63' lang='lat' dir='ltr'><em>Sauos,</em></span> 
     </span>
     <span class='ocr_line' id='line_1_22' title="bbox 512 2702 1575 2798; baseline 0 -23"><span class='ocrx_word' id='word_1_160' title='bbox 512 2710 628 2796; x_wconf 82' lang='lat' dir='ltr'><em>prdem</em></span> <span class='ocrx_word' id='word_1_161' title='bbox 645 2722 758 2791; x_wconf 82' lang='lat' dir='ltr'><em>tuutn,</em></span> <span class='ocrx_word' id='word_1_162' title='bbox 770 2702 884 2794; x_wconf 77' lang='lat' dir='ltr'><em>facete</em></span> <span class='ocrx_word' id='word_1_163' title='bbox 901 2706 1105 2775; x_wconf 83' lang='lat' dir='ltr'><em>voluntatem</em></span> <span class='ocrx_word' id='word_1_164' title='bbox 1125 2722 1217 2777; x_wconf 85' lang='lat' dir='ltr'><em>tuam</em></span> <span class='ocrx_word' id='word_1_165' title='bbox 1238 2708 1273 2776; x_wconf 87' lang='lat' dir='ltr'><em>r&#39;n</em></span> <span class='ocrx_word' id='word_1_166' title='bbox 1291 2708 1344 2774; x_wconf 86' lang='lat' dir='ltr'><em>dit</em></span> <span class='ocrx_word' id='word_1_167' title='bbox 1358 2704 1575 2798; x_wconf 69' lang='lat' dir='ltr'><em>sanisotnto,</em></span> 
     </span>
    </p>
   </div>
   <div class='ocr_carea' id='block_1_3' title="bbox 505 2800 1575 4689">
    <p class='ocr_par' dir='ltr' id='par_1_4' title="bbox 505 2800 1575 4689">
     <span class='ocr_line' id='line_1_23' title="bbox 516 2800 1571 2893; baseline 0.009 -21"><span class='ocrx_word' id='word_1_168' title='bbox 516 2810 561 2880; x_wconf 59' lang='grc' dir='ltr'><em>θ’</em></span> <span class='ocrx_word' id='word_1_169' title='bbox 580 2811 754 2876; x_wconf 85' lang='lat' dir='ltr'><em>vocaveris</em></span> <span class='ocrx_word' id='word_1_170' title='bbox 778 2800 951 2876; x_wconf 81' lang='lat' dir='ltr'><em>Sabbatum</em></span> <span class='ocrx_word' id='word_1_171' title='bbox 974 2807 1170 2893; x_wconf 79' lang='lat' dir='ltr'><em>delicatum,</em></span> <span class='ocrx_word' id='word_1_172' title='bbox 1195 2809 1237 2878; x_wconf 62' lang='lat' dir='ltr'><em>d*</em></span> <span class='ocrx_word' id='word_1_173' title='bbox 1259 2802 1407 2893; x_wconf 67' lang='lat' dir='ltr'><em>sensium</em></span> <span class='ocrx_word' id='word_1_174' title='bbox 1429 2812 1571 2881; x_wconf 71' lang='lat' dir='ltr'><em>Domini</em></span> 
     </span>
     <span class='ocr_line' id='line_1_24' title="bbox 513 2902 1572 2998; baseline 0.005 -22"><span class='ocrx_word' id='word_1_175' title='bbox 513 2902 711 2998; x_wconf 72' lang='lat' dir='ltr'><em>gloriosum,</em></span> <span class='ocrx_word' id='word_1_176' title='bbox 731 2908 805 2977; x_wconf 87' lang='lat' dir='ltr'><em>dusn</em></span> <span class='ocrx_word' id='word_1_177' title='bbox 823 2930 885 2976; x_wconf 90' lang='lat' dir='ltr'><em>non</em></span> <span class='ocrx_word' id='word_1_178' title='bbox 904 2903 991 2994; x_wconf 79' lang='lat' dir='ltr'><em>fatis</em></span> <span class='ocrx_word' id='word_1_179' title='bbox 1011 2908 1087 2975; x_wconf 81' lang='lat' dir='ltr'><em>vias</em></span> <span class='ocrx_word' id='word_1_180' title='bbox 1111 2926 1186 2977; x_wconf 88' lang='lat' dir='ltr'><em>tuat</em></span> <span class='ocrx_word' id='word_1_181' title='bbox 1207 2953 1218 2988; x_wconf 84' lang='lat'><strong>,</strong></span> <span class='ocrx_word' id='word_1_182' title='bbox 1240 2914 1282 2978; x_wconf 76' lang='lat' dir='ltr'><em>(t</em></span> <span class='ocrx_word' id='word_1_183' title='bbox 1306 2930 1370 2977; x_wconf 91' lang='lat' dir='ltr'><em>non</em></span> <span class='ocrx_word' id='word_1_184' title='bbox 1395 2909 1572 2981; x_wconf 82' lang='lat' dir='ltr'><em>invenitur</em></span> 
     </span>
     <span class='ocr_line' id='line_1_25' title="bbox 516 3004 1568 3102; baseline 0.006 -27"><span class='ocrx_word' id='word_1_185' title='bbox 516 3006 671 3076; x_wconf 77' lang='lat' dir='ltr'><em>voluntat</em></span> <span class='ocrx_word' id='word_1_186' title='bbox 698 3027 780 3088; x_wconf 88' lang='lat' dir='ltr'><em>tua,</em></span> <span class='ocrx_word' id='word_1_187' title='bbox 799 3025 836 3076; x_wconf 92' lang='lat' dir='ltr'><em>ut</em></span> <span class='ocrx_word' id='word_1_188' title='bbox 862 3007 1008 3102; x_wconf 84' lang='lat' dir='ltr'><em>loquaris</em></span> <span class='ocrx_word' id='word_1_189' title='bbox 1023 3006 1232 3093; x_wconf 76' lang='lat' dir='ltr'><em>stttntntntt</em></span> <span class='ocrx_word' id='word_1_190' title='bbox 1252 3024 1329 3078; x_wconf 87' lang='lat' dir='ltr'><em>tunc</em></span> <span class='ocrx_word' id='word_1_191' title='bbox 1356 3004 1568 3081; x_wconf 72' lang='lat' dir='ltr'><em>deltiiabttt‘s</em></span> 
     </span>
     <span class='ocr_line' id='line_1_26' title="bbox 512 3104 1568 3201; baseline 0.008 -26"><span class='ocrx_word' id='word_1_192' title='bbox 512 3107 609 3201; x_wconf 75' lang='lat' dir='ltr'><em>supet</em></span> <span class='ocrx_word' id='word_1_193' title='bbox 635 3109 861 3192; x_wconf 59' lang='lat' dir='ltr'><em>Dumium&amp;</em></span> <span class='ocrx_word' id='word_1_194' title='bbox 874 3104 1035 3193; x_wconf 82' lang='lat' dir='ltr'><em>suslollotn</em></span> <span class='ocrx_word' id='word_1_195' title='bbox 1059 3124 1093 3177; x_wconf 88' lang='lat' dir='ltr'><em>te</em></span> <span class='ocrx_word' id='word_1_196' title='bbox 1113 3108 1207 3201; x_wconf 78' lang='lat' dir='ltr'><em>supet</em></span> <span class='ocrx_word' id='word_1_197' title='bbox 1229 3106 1422 3178; x_wconf 78' lang='lat' dir='ltr'><em>altitudines</em></span> <span class='ocrx_word' id='word_1_198' title='bbox 1447 3128 1568 3197; x_wconf 74' lang='lat' dir='ltr'><em>terta,</em></span> 
     </span>
     <span class='ocr_line' id='line_1_27' title="bbox 514 3203 1568 3302; baseline 0.007 -27"><span class='ocrx_word' id='word_1_199' title='bbox 514 3211 558 3280; x_wconf 71' lang='lat' dir='ltr'><em>(t</em></span> <span class='ocrx_word' id='word_1_200' title='bbox 578 3203 689 3277; x_wconf 82' lang='lat' dir='ltr'><em>cibabo</em></span> <span class='ocrx_word' id='word_1_201' title='bbox 704 3225 737 3279; x_wconf 89' lang='lat' dir='ltr'><em>tt</em></span> <span class='ocrx_word' id='word_1_202' title='bbox 754 3209 935 3279; x_wconf 85' lang='lat' dir='ltr'><em>hereditate</em></span> <span class='ocrx_word' id='word_1_203' title='bbox 956 3204 1070 3297; x_wconf 74' lang='lat' dir='ltr'><em>Jacob</em></span> <span class='ocrx_word' id='word_1_204' title='bbox 1086 3210 1194 3302; x_wconf 79' lang='lat' dir='ltr'><em>partis</em></span> <span class='ocrx_word' id='word_1_205' title='bbox 1208 3212 1271 3287; x_wconf 87' lang='lat' dir='ltr'><em>tui.</em></span> <span class='ocrx_word' id='word_1_206' title='bbox 1300 3206 1398 3286; x_wconf 82' lang='lat' dir='ltr'><em>Hinc</em></span> <span class='ocrx_word' id='word_1_207' title='bbox 1415 3210 1568 3298; x_wconf 59' lang='lat' dir='ltr'><em>Saffum.</em></span> 
     </span>
     <span class='ocr_line' id='line_1_28' title="bbox 513 3305 1570 3411; baseline 0.014 -37"><span class='ocrx_word' id='word_1_208' title='bbox 513 3305 751 3400; x_wconf 75' lang='lat' dir='ltr'><em>chrysodemus</em></span> <span class='ocrx_word' id='word_1_209' title='bbox 773 3306 886 3387; x_wconf 86' lang='lat' dir='ltr'><em>Hom.</em></span> <span class='ocrx_word' id='word_1_210' title='bbox 903 3332 935 3392; x_wconf 76' lang='lat'><em>1.</em></span> <span class='ocrx_word' id='word_1_211' title='bbox 955 3315 1008 3382; x_wconf 84' lang='lat' dir='ltr'><em>Dr</em></span> <span class='ocrx_word' id='word_1_212' title='bbox 1031 3312 1188 3397; x_wconf 62' lang='lat' dir='ltr'><em>meato,</em></span> <span class='ocrx_word' id='word_1_213' title='bbox 1204 3311 1270 3389; x_wconf 82' lang='lat' dir='ltr'><em>air:</em></span> <span class='ocrx_word' id='word_1_214' title='bbox 1292 3361 1350 3401; x_wconf 80' lang='lat' dir='ltr'><em>„o</em></span> <span class='ocrx_word' id='word_1_215' title='bbox 1373 3305 1489 3408; x_wconf 80' lang='lat' dir='ltr'><em>Judaei</em></span> <span class='ocrx_word' id='word_1_216' title='bbox 1503 3334 1570 3411; x_wconf 82' lang='lat' dir='ltr'><em>pu·</em></span> 
     </span>
     <span class='ocr_line' id='line_1_29' title="bbox 513 3406 1568 3489; baseline 0.005 -5"><span class='ocrx_word' id='word_1_217' title='bbox 513 3421 592 3484; x_wconf 89' lang='lat' dir='ltr'><em>tant</em></span> <span class='ocrx_word' id='word_1_218' title='bbox 618 3407 681 3485; x_wconf 81' lang='lat' dir='ltr'><em>sibi</em></span> <span class='ocrx_word' id='word_1_219' title='bbox 703 3409 896 3487; x_wconf 86' lang='lat' dir='ltr'><em>Sabbatum</em></span> <span class='ocrx_word' id='word_1_220' title='bbox 923 3411 988 3486; x_wconf 91' lang='lat' dir='ltr'><em>otii</em></span> <span class='ocrx_word' id='word_1_221' title='bbox 1036 3413 1118 3487; x_wconf 86' lang='lat' dir='ltr'><em>tatia</em></span> <span class='ocrx_word' id='word_1_222' title='bbox 1141 3407 1240 3487; x_wconf 80' lang='lat' dir='ltr'><em>suilla</em></span> <span class='ocrx_word' id='word_1_223' title='bbox 1263 3408 1397 3487; x_wconf 83' lang='lat' dir='ltr'><em>datum·</em></span> <span class='ocrx_word' id='word_1_224' title='bbox 1424 3406 1568 3489; x_wconf 84' lang='lat' dir='ltr'><em>Verum</em></span> 
     </span>
     <span class='ocr_line' id='line_1_30' title="bbox 514 3432 1569 3605; baseline 0.007 -22"><span class='ocrx_word' id='word_1_225' title='bbox 514 3532 591 3597; x_wconf 84' lang='lat' dir='ltr'><em>non</em></span> <span class='ocrx_word' id='word_1_226' title='bbox 619 3510 679 3586; x_wconf 85' lang='lat' dir='ltr'><em>ista</em></span> <span class='ocrx_word' id='word_1_227' title='bbox 703 3509 753 3586; x_wconf 86' lang='lat' dir='ltr'><em>est</em></span> <span class='ocrx_word' id='word_1_228' title='bbox 771 3508 893 3596; x_wconf 89' lang='lat' dir='ltr'><em>causa,</em></span> <span class='ocrx_word' id='word_1_229' title='bbox 915 3509 972 3585; x_wconf 91' lang='lat' dir='ltr'><em>sed</em></span> <span class='ocrx_word' id='word_1_230' title='bbox 996 3432 1115 3605; x_wconf 58' lang='lat' dir='ltr'><em>pbtiua</em></span> <span class='ocrx_word' id='word_1_231' title='bbox 1138 3527 1179 3587; x_wconf 91' lang='lat' dir='ltr'><em>ut</em></span> <span class='ocrx_word' id='word_1_232' title='bbox 1200 3510 1378 3586; x_wconf 79' lang='lat' dir='ltr'><em>abdutiia</em></span> <span class='ocrx_word' id='word_1_233' title='bbox 1398 3515 1496 3589; x_wconf 83' lang='lat' dir='ltr'><em>coris</em></span> <span class='ocrx_word' id='word_1_234' title='bbox 1512 3534 1569 3589; x_wconf 85' lang='lat' dir='ltr'><em>re·</em></span> 
     </span>
     <span class='ocr_line' id='line_1_31' title="bbox 514 3608 1568 3705; baseline 0.006 -21"><span class='ocrx_word' id='word_1_235' title='bbox 514 3630 595 3685; x_wconf 91' lang='lat' dir='ltr'><em>rum</em></span> <span class='ocrx_word' id='word_1_236' title='bbox 620 3610 894 3705; x_wconf 82' lang='lat' dir='ltr'><em>temporalium,</em></span> <span class='ocrx_word' id='word_1_237' title='bbox 911 3613 1028 3688; x_wconf 88' lang='lat' dir='ltr'><em>otium</em></span> <span class='ocrx_word' id='word_1_238' title='bbox 1044 3631 1154 3686; x_wconf 85' lang='lat' dir='ltr'><em>omne</em></span> <span class='ocrx_word' id='word_1_239' title='bbox 1170 3608 1421 3686; x_wconf 81' lang='lat' dir='ltr'><em>consumerent</em></span> <span class='ocrx_word' id='word_1_240' title='bbox 1446 3612 1485 3687; x_wconf 90' lang='lat' dir='ltr'><em>in</em></span> <span class='ocrx_word' id='word_1_241' title='bbox 1501 3612 1568 3705; x_wconf 86' lang='lat' dir='ltr'><em>spi·</em></span> 
     </span>
     <span class='ocr_line' id='line_1_32' title="bbox 512 3706 1568 3812; baseline 0.009 -29"><span class='ocrx_word' id='word_1_242' title='bbox 512 3706 707 3786; x_wconf 88' lang='lat' dir='ltr'><em>ritualibus·</em></span> <span class='ocrx_word' id='word_1_243' title='bbox 732 3707 847 3803; x_wconf 89' lang='lat' dir='ltr'><em>Quod</em></span> <span class='ocrx_word' id='word_1_244' title='bbox 872 3712 966 3786; x_wconf 87' lang='lat' dir='ltr'><em>enirn</em></span> <span class='ocrx_word' id='word_1_245' title='bbox 987 3711 1180 3787; x_wconf 87' lang='lat' dir='ltr'><em>Sabbatum</em></span> <span class='ocrx_word' id='word_1_246' title='bbox 1202 3732 1277 3785; x_wconf 89' lang='lat' dir='ltr'><em>non</em></span> <span class='ocrx_word' id='word_1_247' title='bbox 1301 3712 1390 3785; x_wconf 70' lang='lat' dir='ltr'><em>otiis</em></span> <span class='ocrx_word' id='word_1_248' title='bbox 1410 3708 1471 3788; x_wconf 91' lang='lat' dir='ltr'><em>sed</em></span> <span class='ocrx_word' id='word_1_249' title='bbox 1497 3712 1568 3812; x_wconf 77' lang='lat' dir='ltr'><em>spi-J</em></span> 
     </span>
     <span class='ocr_line' id='line_1_33' title="bbox 512 3807 1565 3906; baseline 0.007 -24"><span class='ocrx_word' id='word_1_250' title='bbox 512 3808 645 3885; x_wconf 89' lang='lat' dir='ltr'><em>ritualis</em></span> <span class='ocrx_word' id='word_1_251' title='bbox 662 3808 805 3885; x_wconf 61' lang='lat' dir='ltr'><em>aelionis</em></span> <span class='ocrx_word' id='word_1_252' title='bbox 829 3810 971 3886; x_wconf 88' lang='lat' dir='ltr'><em>materia</em></span> <span class='ocrx_word' id='word_1_253' title='bbox 990 3808 1050 3886; x_wconf 76' lang='lat' dir='ltr'><em>lit,</em></span> <span class='ocrx_word' id='word_1_254' title='bbox 1068 3808 1265 3886; x_wconf 87' lang='lat' dir='ltr'><em>dilucidum</em></span> <span class='ocrx_word' id='word_1_255' title='bbox 1290 3808 1396 3887; x_wconf 82' lang='lat' dir='ltr'><em>estex</em></span> <span class='ocrx_word' id='word_1_256' title='bbox 1414 3807 1499 3906; x_wconf 83' lang='lat' dir='ltr'><em>ipsis</em></span> <span class='ocrx_word' id='word_1_257' title='bbox 1511 3835 1565 3889; x_wconf 88' lang='lat' dir='ltr'><em>ro·</em></span> 
     </span>
     <span class='ocr_line' id='line_1_34' title="bbox 510 3906 1569 4008; baseline 0.006 -24"><span class='ocrx_word' id='word_1_258' title='bbox 510 3908 589 3985; x_wconf 88' lang='lat' dir='ltr'><em>bus·</em></span> <span class='ocrx_word' id='word_1_259' title='bbox 622 3908 719 3986; x_wconf 89' lang='lat' dir='ltr'><em>Nam</em></span> <span class='ocrx_word' id='word_1_260' title='bbox 738 3908 908 3984; x_wconf 80' lang='lat' dir='ltr'><em>Sacerdos</em></span> <span class='ocrx_word' id='word_1_261' title='bbox 921 3931 960 3984; x_wconf 89' lang='lat' dir='ltr'><em>ea</em></span> <span class='ocrx_word' id='word_1_262' title='bbox 977 3910 1035 3985; x_wconf 88' lang='lat' dir='ltr'><em>die</em></span> <span class='ocrx_word' id='word_1_263' title='bbox 1059 3909 1212 4006; x_wconf 90' lang='lat' dir='ltr'><em>duplum</em></span> <span class='ocrx_word' id='word_1_264' title='bbox 1234 3906 1316 3985; x_wconf 85' lang='lat' dir='ltr'><em>lacit</em></span> <span class='ocrx_word' id='word_1_265' title='bbox 1329 3914 1475 4005; x_wconf 87' lang='lat' dir='ltr'><em>opetis;</em></span> <span class='ocrx_word' id='word_1_266' title='bbox 1500 3912 1569 4008; x_wconf 80' lang='lat' dir='ltr'><em>qui·</em></span> 
     </span>
     <span class='ocr_line' id='line_1_35' title="bbox 512 4006 1575 4105; baseline 0.005 -20"><span class='ocrx_word' id='word_1_267' title='bbox 512 4011 674 4105; x_wconf 87' lang='lat' dir='ltr'><em>quotidie</em></span> <span class='ocrx_word' id='word_1_268' title='bbox 692 4007 827 4084; x_wconf 79' lang='lat' dir='ltr'><em>nonnis</em></span> <span class='ocrx_word' id='word_1_269' title='bbox 843 4010 984 4085; x_wconf 89' lang='lat' dir='ltr'><em>unicam</em></span> <span class='ocrx_word' id='word_1_270' title='bbox 1005 4008 1155 4086; x_wconf 83' lang='lat' dir='ltr'><em>hostiam</em></span> <span class='ocrx_word' id='word_1_271' title='bbox 1175 4008 1305 4085; x_wconf 87' lang='lat' dir='ltr'><em>offerre</em></span> <span class='ocrx_word' id='word_1_272' title='bbox 1317 4006 1575 4089; x_wconf 66' lang='lat' dir='ltr'><em>solitmsSab·</em></span> 
     </span>
     <span class='ocr_line' id='line_1_36' title="bbox 511 4105 1561 4208; baseline 0.008 -26"><span class='ocrx_word' id='word_1_273' title='bbox 511 4109 598 4185; x_wconf 91' lang='lat' dir='ltr'><em>bato</em></span> <span class='ocrx_word' id='word_1_274' title='bbox 620 4111 763 4203; x_wconf 83' lang='lat' dir='ltr'><em>jubetur</em></span> <span class='ocrx_word' id='word_1_275' title='bbox 789 4105 919 4184; x_wconf 83' lang='lat' dir='ltr'><em>offerre</em></span> <span class='ocrx_word' id='word_1_276' title='bbox 945 4113 1141 4206; x_wconf 82' lang='lat' dir='ltr'><em>geminam·</em></span> <span class='ocrx_word' id='word_1_277' title='bbox 1167 4105 1330 4202; x_wconf 88' lang='lat' dir='ltr'><em>Quodsi</em></span> <span class='ocrx_word' id='word_1_278' title='bbox 1355 4109 1561 4208; x_wconf 85' lang='lat' dir='ltr'><em>proriuses·</em></span> 
     </span>
     <span class='ocr_line' id='line_1_37' title="bbox 509 4205 1561 4315; baseline 0.008 -34"><span class='ocrx_word' id='word_1_279' title='bbox 509 4205 561 4281; x_wconf 90' lang='lat' dir='ltr'><em>set</em></span> <span class='ocrx_word' id='word_1_280' title='bbox 584 4212 648 4282; x_wconf 88' lang='lat' dir='ltr'><em>otii</em></span> <span class='ocrx_word' id='word_1_281' title='bbox 668 4208 741 4283; x_wconf 84' lang='lat' dir='ltr'><em>dies</em></span> <span class='ocrx_word' id='word_1_282' title='bbox 763 4257 773 4289; x_wconf 81' lang='lat'>‚</span> <span class='ocrx_word' id='word_1_283' title='bbox 792 4212 985 4306; x_wconf 81' lang='lat' dir='ltr'><em>oportebat</em></span> <span class='ocrx_word' id='word_1_284' title='bbox 1006 4210 1235 4288; x_wconf 78' lang='lat' dir='ltr'><em>Sacerdotem</em></span> <span class='ocrx_word' id='word_1_285' title='bbox 1259 4214 1426 4287; x_wconf 87' lang='lat' dir='ltr'><em>omnium</em></span> <span class='ocrx_word' id='word_1_286' title='bbox 1449 4212 1561 4315; x_wconf 75' lang='lat' dir='ltr'><em>maxi·</em></span> 
     </span>
     <span class='ocr_line' id='line_1_38' title="bbox 510 4305 1560 4408; baseline 0.008 -29"><span class='ocrx_word' id='word_1_287' title='bbox 510 4316 697 4383; x_wconf 87' lang='lat' dir='ltr'><em>meotium</em></span> <span class='ocrx_word' id='word_1_288' title='bbox 713 4332 828 4402; x_wconf 78' lang='lat' dir='ltr'><em>agere·</em></span> <span class='ocrx_word' id='word_1_289' title='bbox 853 4310 1039 4403; x_wconf 81' lang='lat' dir='ltr'><em>Quoniam</em></span> <span class='ocrx_word' id='word_1_290' title='bbox 1056 4314 1166 4407; x_wconf 84' lang='lat' dir='ltr'><em>igitur</em></span> <span class='ocrx_word' id='word_1_291' title='bbox 1181 4305 1295 4408; x_wconf 81' lang='lat' dir='ltr'><em>Juoaet</em></span> <span class='ocrx_word' id='word_1_292' title='bbox 1315 4311 1560 4401; x_wconf 82' lang='lat' dir='ltr'><em>corporalium</em></span> 
     </span>
     <span class='ocr_line' id='line_1_39' title="bbox 507 4408 1561 4504; baseline 0.01 -26"><span class='ocrx_word' id='word_1_293' title='bbox 507 4427 627 4481; x_wconf 86' lang='lat' dir='ltr'><em>rerum</em></span> <span class='ocrx_word' id='word_1_294' title='bbox 648 4411 739 4481; x_wconf 90' lang='lat' dir='ltr'><em>curis</em></span> <span class='ocrx_word' id='word_1_295' title='bbox 764 4408 897 4485; x_wconf 88' lang='lat' dir='ltr'><em>liberati</em></span> <span class='ocrx_word' id='word_1_296' title='bbox 927 4436 1004 4488; x_wconf 91' lang='lat' dir='ltr'><em>non</em></span> <span class='ocrx_word' id='word_1_297' title='bbox 1036 4416 1206 4487; x_wconf 83' lang='lat' dir='ltr'><em>vacabant</em></span> <span class='ocrx_word' id='word_1_298' title='bbox 1232 4409 1499 4504; x_wconf 69' lang='lat' dir='ltr'><em>spiritualibus,</em></span> <span class='ocrx_word' id='word_1_299' title='bbox 1521 4422 1561 4489; x_wconf 78' lang='lat' dir='ltr'><em>ul</em></span> 
     </span>
     <span class='ocr_line' id='line_1_40' title="bbox 505 4505 1561 4599; baseline 0.009 -16"><span class='ocrx_word' id='word_1_300' title='bbox 505 4521 592 4599; x_wconf 87' lang='lat' dir='ltr'><em>puta</em></span> <span class='ocrx_word' id='word_1_301' title='bbox 616 4505 819 4590; x_wconf 70' lang='lat' dir='ltr'><em>sobrietati,</em></span> <span class='ocrx_word' id='word_1_302' title='bbox 836 4510 1046 4596; x_wconf 78' lang='lat' dir='ltr'><em>modestiae.</em></span> <span class='ocrx_word' id='word_1_303' title='bbox 1070 4508 1110 4584; x_wconf 74' lang='lat' dir='ltr'><em>ns</em></span> <span class='ocrx_word' id='word_1_304' title='bbox 1131 4509 1317 4591; x_wconf 79' lang='lat' dir='ltr'><em>audiendis</em></span> <span class='ocrx_word' id='word_1_305' title='bbox 1338 4511 1468 4591; x_wconf 82' lang='lat' dir='ltr'><em>diuinis</em></span> <span class='ocrx_word' id='word_1_306' title='bbox 1491 4508 1561 4593; x_wconf 77' lang='lat' dir='ltr'><em>stre</em></span> 
     </span>
     <span class='ocr_line' id='line_1_41' title="bbox 1428 4632 1515 4689; baseline 0 0"><span class='ocrx_word' id='word_1_307' title='bbox 1428 4632 1515 4689; x_wconf 67' lang='grc' dir='ltr'><em>Ν·</em></span> 
     </span>
    </p>
   </div>
   <div class='ocr_carea' id='block_1_4' title="bbox 0 0 1900 5375">
    <p class='ocr_par' dir='ltr' id='par_1_5' title="bbox 0 0 1900 5375">
     <span class='ocr_line' id='line_1_42' title="bbox 0 0 1900 5375; baseline 0 3"><span class='ocrx_word' id='word_1_308' title='bbox 0 0 1900 5375; x_wconf 95' lang='lat' dir='ltr'><em> </em></span> 
     </span>
    </p>
   </div>
  </div>
 </body>
</html>
