3792 5375
452 549 523 653 De
539 551 669 652 nertio
695 547 905 679 Deculogi
924 565 1151 683 praecepto-³
1258 564 1344 670 677

287 721 442 802 fornacis
456 775 469 809 2
481 723 527 800 ad
551 723 707 810 calcem,
725 723 921 806 rotlrtetes
941 725 1212 823 coquendorum
1233 728 1349 799 vitrea
1386 786 1395 800 r

286 825 368 910 vasa
381 819 569 911 conflando,
587 829 672 897 Item
686 822 876 904 carnifices
886 879 897 912 ,
905 822 978 924 five
994 826 1079 899 lanii
1090 880 1101 911 ‚
1114 825 1151 902 dt
1165 827 1359 923 pincerna*

288 937 524 1023 preparantes
549 921 706 1005 vidualia'
724 930 763 1003 in
790 921 970 1010 Festiriut
988 925 1147 1021 sequenti
1174 929 1231 1002 die
1262 950 1350 1006 veo·

288 1023 399 1119 dant,
417 1022 441 1100 li
458 1046 533 1102 non
550 1045 715 1124 poterant
736 1027 832 1123 prim
856 1025 1129 1124 properamini
1154 1041 1348 1124 praeparata
1446 1080 1448 1086 s

290 1123 510 1212 conservari,
531 1126 695 1205 ridentur
715 1125 874 1207 excusari
898 1126 1090 1205 amorteli·
1116 1122 1208 1202 Item
1227 1122 1356 1203 redo&

289 1246 345 1300 tet
371 1227 564 1311 mercium,
586 1243 647 1305 eut
666 1225 939 1314 alimentorum,
966 1242 1028 1304 eut
1047 1223 1274 1325 personarum
1301 1222 1350 1310 ad
1466 1251 1470 1268 “
1588 1292 1594 1328 ,

288 1322 371 1401 locu
393 1340 553 1404 remota,
568 1348 652 1405 cum
666 1325 746 1411 aliar
758 1349 836 1403 non
853 1322 1183 1425 polseotlioegrori
1205 1330 1349 1404 incom.

289 1422 407 1502 modo
423 1428 531 1603 vittam
549 1425 740 1525 transigere
752 1427 968 1533 ,creduntur
983 1427 1141 1505 excolari
1153 1475 1165 1512 ,
1176 1422 1203 1501 ii
1213 1425 1348 1508 differri

290 1547 370 1602 uon
399 1547 449 1623 po
479 1541 545 1604 unt
572 1580 644 1620 ‚,„.
932 1547 935 1557 ’

291 1621 1353 1828 ‚diuitiisilltllltdlt'lldlliil

291 1822 654 1923 deserendumligna,
671 1827 726 1905 vel
756 1828 913 1922 lapides.
932 1825 988 1906 vel
1009 1826 1210 1905 faciendum
1242 1824 1388 1911 aedifi..

292 1927 346 2000 cie
361 1978 370 2010 ,
386 1926 439 2001 vel
460 1924 604 2010 foreas,
620 1929 657 2005 δι
682 1925 884 2025 hujusmodi
907 1981 919 2014 ,
941 1950 1021 2024 quae
1052 1925 1076 2003 li
1099 1950 1176 2002 non
1193 1924 1353 2020 iacerent

294 2026 498 2103 notabiliter
521 2026 830 2105 damnificarentur
843 2030 878 2103 in
890 2029 1060 2125 perlona,
1076 2026 1131 2103 vel
1150 2027 1279 2111 rebus.
1297 2027 1350 2102 vi·

250 2172 255 2180 ι
292 2125 424 2208 dentur
475 2124 547 2203 osse
570 2126 725 2204 excusari
756 2141 904 2225 propter
937 2124 1185 2209 necessitatem.
1217 2123 1360 2201 Melior·-

290 2236 413 2300 tomeu
434 2147 591 2304 gement
614 2249 690 2303 non
718 2226 884 2310 obedire,
898 2227 1152 2324 quendoopos
1165 2224 1252 2301 illud
1273 2247 1352 2304 nou

294 2322 346 2401 est
369 2321 611 2409 necessarium.
640 2323 684 2405 Et
711 2328 793 2421 quin
817 2325 982 2411 modicus
1002 2322 1150 2402 recessus
1170 2347 1190 2403 a
1229 2322 1353 2401 medio

293 2444 372 2500 non
398 2423 492 2501 tollit
516 2429 653 2504 bonum
673 2428 811 2504 virtutis
826 2444 837 2517 ς
854 2425 937 2502 ideo
956 2426 1059 2522 quod
1074 2428 1197 2523 aliquis
1211 2426 1248 2500 in
1265 2422 1354 2501 hor-

293 2538 337 2600 to
365 2522 498 2622 aliquid
525 2524 630 2604 indat
651 2544 878 2623 parvom,ut
902 2526 1108 2605 obturando
1130 2525 1268 2622 sepem,
1292 2521 1350 2606 vel
1391 2590 1399 2606 ,

295 2622 485 2701 evellendo
502 2625 609 2705 malos
630 2626 753 2703 herbas
767 2679 778 2715 ,
790 2626 844 2703 vel
867 2624 1002 2702 suendo
1016 2624 1130 2721 aliquo
1143 2625 1273 2720 puudla
1290 2647 1354 2699 re·

297 2723 357 2800 stin
377 2720 533 2808 dissuto,
550 2729 605 2804 vel
619 2727 753 2825 colligo
767 2781 779 2812 ,
792 2727 829 2801 dr
844 2722 1065 2822 hujusmodi,
1079 2748 1157 2801 non
1175 2725 1353 2818 judicator
1506 2789 1508 2794 .

298 2822 454 2904 violator
474 2822 564 2902 Festi
590 2880 659 2918 „„.

349 2976 404 3015 „„
431 2920 695 3009 Barbitonsorer
720 2927 850 3001 nonin
871 2922 1124 3011 radendo,sed
1141 2925 1177 2999 in
1193 2922 1358 2998 minoen.

296 3020 349 3099 do
363 3019 420 3098 san
450 3025 839 3106 uinen‚&fenatores
871 3019 1353 3123 equorum.&hujul'modi,

297 3121 382 3208 siin
434 3119 513 3200 eliis
544 3141 712 3200 exercent
742 3139 852 3200 artem
883 3124 978 3199 suem
1009 3123 1248 3226 principaliter
1269 3143 1357 3218 pro·
1391 3219 1395 3225 ι

300 3236 381 3318 pter
408 3221 644 3300 necessitatem
667 3225 956 3322 eorum,qoibos
975 3220 1149 3300 serviunt,
1175 3243 1250 3296 non
1271 3241 1359 3314 pro-

298 3338 379 3419 pter
394 3323 625 3422 cupiditatem
648 3324 760 3406 lucri,
784 3323 1020 3416 excusantur;
1044 3325 1081 3400 de
1099 3321 1274 3405 similiter,
1292 3322 1358 3414 qus

299 3445 362 3498 eor
386 3425 573 3522 requirunt
594 3423 639 3499 de
659 3440 733 3515 arte
754 3422 830 3508 suu,
854 3420 878 3499 ii
901 3423 983 3498 olias
1007 3445 1084 3498 non
1105 3435 1272 3519 poteraut
1293 3418 1369 3507 iot

299 3523 498 3600 commode
520 3521 736 3618 providere,
761 3521 974 3600 excusantur
999 3578 1022 3613 „
1042 3577 1078 3615 ,‚.

350 3676 372 3712 ,‚
389 3677 411 3712 ,‚
437 3621 526 3698 ltem
543 3627 580 3699 in
601 3623 816 3702 molendinis
831 3624 875 3698 ad
889 3644 1018 3716 nquam
1030 3673 1040 3699 ‚
1052 3619 1108 3701 vel
1126 3621 1170 3696 ad
1186 3638 1357 3713 venturu.
1461 3714 1464 3725 Ι

303 3742 385 3817 quae
408 3718 478 3798 fine
500 3746 673 3819 magneio
721 3747 757 3800 m
788 3725 944 3800 hominis
974 3737 1211 3809 exercentur,
1240 3722 1359 3820 potest
1405 3764 1407 3769 v

301 3819 427 3899 serrati
448 3747 822 3920 consuetudo'ssaniae
849 3845 924 3897 non
945 3821 1124 3917 prohibito
1153 3847 1172 3897 a
1197 3821 1359 3905 Praelatir

303 3918 414 3996 Secus
433 3920 478 3999 de
501 3921 714 3996 molendinis
729 3945 814 3999 cum
835 3924 1030 4017 jumentis3
1054 3925 1090 3998 St
1114 3921 1186 3997 lroc
1210 3923 1272 3998 nili
1297 3946 1363 3996 ne·

305 4018 439 4096 celsitas
472 4037 613 4116 urgeret
648 4039 795 4122 propter
838 4021 996 4104 vidualia
1034 4020 1248 4110 necessaria,
1277 4023 1362 4116 quin

302 4133 394 4200 rouo
415 4122 535 4198 liceret
560 4168 627 4211 „„·
660 4194 665 4201 ,

354 4275 376 4312 ,,
390 4276 412 4311 „
440 4218 532 4297 Item
550 4273 562 4306 ,
581 4219 704 4296 diebus
727 4217 877 4308 festivis,
897 4245 973 4297 non
993 4234 1113 4298 tameo
1133 4215 1363 4304 Dominicir.
1433 4246 1437 4253 ·
1579 4246 1582 4255 ·

305 4320 362 4397 rel
383 4319 674 4407 solemnioribus,
697 4319 833 4396 licitum
855 4323 994 4397 videtur
1012 4319 1170 4395 laborare
1190 4341 1257 4413 pro
1277 4341 1365 4412 pou·

305 4421 478 4527 peribur,
505 4441 589 4498 curn
620 4419 674 4496 hio
711 4436 830 4497 tannen
864 4420 1132 4498 conditionibus
1167 4417 1369 4519 edundis-3

307 4522 454 4620 primo,
481 4535 618 4599 utnon
656 4518 880 4598 dimittuntur
903 4518 1036 4611 Divino
1058 4566 1070 4608 2
1096 4520 1132 4599 id
1157 4519 1205 4597 eil
1229 4517 1367 4603 auditio

740 4617 773 4696 U
800 4644 824 4697 u
851 4642 877 4717 4
1177 4614 1302 4700 Mille.
1372 4718 1376 4727 Ι
