3792 5375
554 553 633 649 338
723 541 881 642 Theot
898 543 1016 658 Dog.
1038 543 1080 633 δι
1101 538 1250 637 Moral.
1267 541 1361 639 Lib.
1375 535 1453 634 Ν,
1608 655 1616 672 N

378 777 384 792 .
463 733 492 800 “,
552 735 614 800 ut,
634 717 827 813 quomodo
858 712 1206 811 pollumus‚s1miles
1233 714 1280 792 illi
1303 712 1434 790 simus?
1460 709 1607 807 Quanta

552 819 694 893 dilellio
714 818 807 893 estin
825 814 1017 900 Domino,
1041 816 1188 912 quando
1201 838 1268 911 pto
1286 818 1551 909 peccatoribus,
1566 821 1605 893 ἃ

432 963 435 969 ⁴
552 920 672 1010 impiis
695 912 876 994 Christum
897 914 1183 1013 crucifigendum
1201 914 1316 996 unfit,
1333 916 1368 988 δι
1388 917 1504 1011 pretio
1530 913 1607 991 san-

553 1020 672 1112 guidis
690 1020 765 1114 ejus
780 1041 848 1092 nos
861 1014 1030 1091 redemit.
1045 1020 1106 1110 qui
1119 1018 1150 1091 ei
1162 1018 1290 1090 'nimici
1307 1037 1465 1099 eramus,
1482 1037 1607 1091 aman-

552 1115 604 1192 do
617 1141 680 1192 ea,
707 1140 786 1213 quae
807 1115 911 1201 fecit,
928 1139 996 1210 pro
1016 1140 1084 1202 eo,
1111 1038 1171 1213 qdi
1191 1112 1302 1190 faciti
1321 1113 1414 1190 Cum
1439 1138 1528 1209 ergo
1544 1118 1604 1194 illa

553 1216 770 1299 faceremus,
789 1214 880 1292 mifit
900 1213 1001 1292 Deus
1018 1215 1126 1291 filium
1158 1215 1280 1299 suunt,
1299 1216 1334 1287 ἃ
1355 1238 1436 1289 eunt
1452 1239 1518 1307 pto
1536 1239 1607 1290 no·

399 1335 407 1348 ‘
552 1318 605 1392 bis
630 1319 745 1409 impiis
762 1317 805 1391 ab
826 1315 899 1389 aliis
926 1318 1043 1409 impiis
1066 1315 1307 1390 occidendum
1332 1314 1485 1390 tradidit.
1516 1313 1603 1391 ltu

552 1416 718 1492 nondum
749 1413 909 1490 fidelibus
932 1431 1072 1490 tantum
1098 1438 1228 1491 munus
1258 1413 1382 1489 datum
1410 1416 1484 1489 est,
1511 1414 1601 1509 quid

552 1537 641 1610 ergo
662 1517 814 1591 lertatur
836 1513 1023 1589 fidelibus?
1044 1512 1135 1590 Ecce
1153 1512 1344 1609 quomodo
1362 1510 1460 1590 Deus
1484 1514 1603 1611 diligit

448 1637 451 1648 ·
549 1612 725 1689 homines.
753 1613 1005 1690 Attendamus,
1021 1614 1337 1705 fratresnrunquid
1360 1613 1526 1688 nonillos
1541 1612 1602 1691 lla-

472 1747 475 1752 ·
550 1709 683 1808 gellati
703 1712 880 1811 Nunquid
902 1736 977 1788 non
994 1713 1071 1787 illos
1090 1713 1261 1809 corripit?
1274 1712 1310 1788 Si
1334 1737 1410 1787 non
1425 1713 1503 1787 illos
1522 1737 1603 1789 cor·

551 1815 654 1908 ripit,
673 1815 767 1889 unde
791 1814 921 1898 tames,
941 1813 1039 1889 unde
1060 1814 1415 1908 aegritudines‚unde
1438 1814 1605 1906 pestilen-

550 1914 629 1992 tiae,
649 1911 685 1986 &
706 1913 856 1989 morbi?
880 1907 1021 1991 Omnes
1047 1919 1142 1987 enim
1167 1914 1237 1989 iltae
1262 1916 1508 2006 correptiones
1530 1911 1602 1989 Dei

548 2013 640 2087 sunt.
670 2011 768 2089 Sicut
793 2037 882 2107 ergo
911 2013 967 2086 ille
989 2012 1126 2109 diligit,
1148 2014 1182 2087 δι
1206 2029 1324 2087 tamen
1358 2016 1531 2109 corripit,
1553 2012 1602 2090 stc

549 2111 587 2184 dr
602 2119 673 2192 tu,
693 2110 718 2187 st
736 2110 842 2187 habes
861 2114 1014 2209 aliquem
1038 2114 1074 2186 in
1098 2111 1295 2207 potestate,
1315 2119 1474 2207 quamtis
1488 2112 1601 2189 serves

547 2208 713 2287 offellum
728 2213 942 2293 dilectionis,
958 2211 1034 2286 noli
1047 2228 1163 2302 tamen
1180 2235 1309 2308 negare
1326 2208 1503 2305 flagellum
1518 2236 1602 2287 cor-

546 2315 729 2407 reptionis.
759 2309 1194 2407 Quiasrnegareris,non
1208 2314 1340 2392 tenebis
1352 2312 1600 2406 diletllorrem3

463 2465 465 2474 ,
549 2413 632 2506 quia
653 2410 711 2486 ille
736 2414 888 2487 moritur
907 2411 943 2485 in
966 2413 1140 2506 peccatis,
1162 2414 1224 2505 qui
1247 2410 1341 2487 lorte
1358 2427 1542 2508 correptus
1556 2435 1596 2489 ea

547 2508 781 2607 relinqueret,
806 2511 966 2607 &magis
978 2512 1037 2586 tibi
1057 2513 1254 2607 imputatur
1265 2530 1386 2586 rerum
1400 2512 1522 2586 odiunt
1536 2566 1593 2601 ,„,.

600 2605 645 2684 Et
659 2607 771 2692 Serm.
787 2622 846 2708 56.
859 2612 939 2686 alias
953 2614 1007 2683 Dc
1020 2608 1243 2706 Dioerfis47.
1255 2632 1331 2709 cap.
1345 2631 1399 2700 ¹3·
1423 2666 1445 2702 „
1456 2666 1477 2703 „
1493 2609 1595 2705 Quid

444 2710 447 2717 '
547 2704 574 2785 fl
598 2708 674 2795 ille,
691 2717 754 2808 qui
777 2712 865 2808 petit
886 2714 1048 2797 veniam,
1073 2712 1293 2807 colligandus
1314 2711 1363 2788 est
1385 2712 1504 2788 anre?
1528 2714 1595 2789 l'ac

545 2809 647 2906 quod
666 2813 741 2901 vis;
764 2828 854 2909 puto
872 2815 994 2898 enim,
1015 2812 1116 2909 quod
1142 2811 1252 2890 lilium
1276 2826 1379 2888 tuum
1405 2812 1540 2909 diligis,
1560 2814 1598 2889 &

544 2909 692 3006 quando
711 2912 825 2987 caedis·
850 2908 1040 3012 Lacryrnas
1055 2911 1249 3013 vapulantis
1275 2935 1485 2994 noncuras,
1511 2915 1596 3010 quia

548 3011 581 3083 ei
603 3009 840 3088 haereditatem
859 3012 981 3087 servas.
1018 3011 1097 3109 Ego
1121 3013 1326 3098 hocdico,
1352 3030 1391 3089 ut
1415 3014 1459 3086 de
1480 3015 1594 3089 corde

542 3109 699 3187 dimittas
707 3115 852 3196 odium,
867 3111 1013 3209 quando
1025 3136 1043 3188 a
1056 3130 1090 3191 te
1106 3115 1243 3189 veniam
1257 3117 1345 3208 petit
1361 3114 1522 3189 inimicus
1532 3157 1593 3206 ,„,·

807 3256 1320 3377 usournxr'x.
