3792 5375
1111 494 1276 653 2'55
1376 523 1381 531 ’
1450 526 1766 641 Th'etil.
1823 520 2056 662 θός.
2095 545 2204 637 '&
2258 540 2562 639 Moral.
2602 540 2792 638 [ὼ.
2832 541 2993 643 IV.·

1113 742 1245 797 cos
1289 715 1440 812 ejus
1466 716 1796 797 leonibus
1825 715 2255 817 ingerendo·
2299 714 2498 793 Sicut
2527 715 2803 793 servivit
2836 714 3243 798 Nabuchoa

1114 818 1436 898 donosor
1457 872 1480 904 ,
1507 841 1762 897 omnes
1785 820 1858 895 iu
1893 837 2129 916 regno
2155 817 2284 895 suo
2309 814 2583 915 pofitos
2608 841 2644 892 a
2680 817 3239 915 blasphemando

1109 914 1284 999 Deo
1331 918 1490 1015 lege
1532 915 1826 995 terribili
1871 918 2353 1016 prohibendo.
2409 916 2495 998 In
2540 915 2686 991 hoc
2715 940 2891 1013 ergo
2928 919 3244 999 serviunt

1109 1014 1451 1097 Domino
1478 1015 1719 1115 Reges
1796 1024 1870 1100 in
1900 1038 2250 1114 quantum
2300 1015 2459 1094 sunt
2501 1014 2784 1110 Reges-2
2828 1040 2998 1093 cum
3028 1046 3105 1096 ea
3133 1023 3240 1097 fa-

1111 1120 1317 1197 ciunt
1358 1119 1445 1195 ad
1472 1119 1913 1196 serviendum
1955 1117 2095 1203 illi,
2130 1138 2292 1216 quae
2332 1140 2482 1193 non
2511 1114 2800 1211 poss‘unt
2841 1117 3068 1217 faeere
3102 1119 3230 1199 nili

1114 1216 1353 1316 Rege‘s
1406 1265 1452 1298 η
1484 1265 1558 1304 2..
1613 1216 1823 1308 Ritus
1872 1239 2099 1318 porro
2145 1216 2641 1309 haereticorum
2696 1222 3009 1298 maximis
3068 1244 3114 1316 p
3161 1245 3239 1296 r-
3313 1241 3316 1244 ·

1110 1316 1361 1396 nicioss
1411 1318 1610 1413 sunt3
1649 1325 1774 1400 Per:
1820 1320 2038 1390 dulces
2070 1315 2243 1410 imm
2274 1316 2599 1404 sermones
2629 1368 2653 1400 ,
2707 1322 2792 1388 (9·
2839 1316 3101 1392 beneuec
3134 1328 3236 1389 ιὀ.

1109 1435 1226 1489 nes
1261 1416 1566 1503 statuunt
1592 1422 1787 1489 corda
1813 1419 2255 1491 innocentium
2290 1420 2327 1511 (
2346 1410 2579 1515 inquit
2600 1415 2846 1515 Apost.
2890 1420 2977 1495 ad
2999 1416 3231 1501 Rom·

1116 1528 1236 1603 16.
1280 1518 1350 1593 &
1404 1524 1626 1589 Sermo
1661 1542 1883 1591 eorum
1925 1536 2003 1589 ur
2044 1539 2273 1587 cancer
2307 1517 2518 1609 serpit
2567 1526 2713 1611 (ut
2757 1516 2945 1593 idem
2989 1523 3225 1597 scribit

1110 1638 1184 1692 2.
1206 1616 1296 1693 ad
1328 1616 1499 1692 Tim.
1532 1612 1669 1705 2·)
1715 1618 1909 1714 ipsos
1932 1622 2154 1716 igitur
2199 1620 2551 1716 extirpare
2592 1633 2921 1693 tenentur
2967 1621 3225 1696 catho-

1108 1716 1227 1794 lici
1267 1715 1624 1814 Principes
1652 1775 1674 1806 ,
1705 1744 1874 1797 cum
1921 1724 1991 1795 id
2028 1714 2319 1817 poffunt
2368 1717 2633 1815 absque
2675 1722 3023 1813 gravioris
3055 1721 3223 1798 mali

1107 1818 1435 1913 periculo
1474 1873 1495 1903 ,
1551 1820 1624 1894 δι
1682 1815 1810 1896 nifi
1853 1818 2043 1914 hanc
2108 1840 2404 1912 operam
2449 1819 2779 1913 religioni
2840 1820 3216 1914 praestent.

981 2104 988 2112 ,
1103 1929 1805 2116 ετέξηέῗξὲῃυῑετὲ
1831 1919 2213 2098 είὲἓέτωειε
2249 2022 2316 2088 S.
2336 2011 2464 2087 Th.
2509 2013 2811 2094 fecunda
2851 2015 3172 2129 secundae
3187 2021 3222 2107 ,⁸

1099 2140 1175 2214 q.
1207 2134 1239 2187 1
1266 2142 1323 2199 ι.
1357 2135 1482 2194 art.
1520 2135 1634 2191 ιι.
1677 2164 1804 2207 22„
1860 2121 2212 2212 Quamvis
2260 2114 2592 2213 (inquit)
2640 2116 2952 2193 infideles
2985 2123 3053 2192 in
3078 2125 3216 2195 luia

1099 2221 1352 2293 ritibus
1379 2232 1724 2315 peccent,
1755 2219 2036 2298 tolerari
2068 2218 2357 2314 potsunt
2371 2270 2424 2342 Ι
2456 2216 2563 2291 vel
2596 2235 2895 2314 propter
2917 2219 3213 2314 aliquod

1103 2319 1381 2394 bonum
1413 2372 1437 2405 ,
1479 2319 1684 2417 quod
1724 2341 1817 2397 ex
1845 2325 1939 2397 eis
1981 2325 2318 2419 provenit
2343 2374 2365 2406 ,
2412 2315 2525 2393 vel
2573 2336 2870 2415 propter
2915 2318 3207 2415 aliquod

1095 2417 1414 2505 malum,
1471 2417 1673 2518 quod
1721 2423 2002 2500 vitatur·
2074 2418 2185 2499 Ex
2220 2419 2367 2496 hoc
2406 2431 2644 2493 autem
2718 2415 2917 2514 quod
2972 2414 3207 2514 judaei

1090 2519 1268 2595 ritus
1313 2516 1475 2595 suos
1527 2520 1951 2628 obsergant,
1982 2526 2055 2596 in
2109 2523 2369 2619 quibus
2410 2517 2587 2592 olim
2632 2516 3207 2614 praefigurabatur

1096 2620 1347 2702 veritas
1400 2617 1605 2709 fidei,
1658 2642 1874 2740 quam
1917 2637 2281 2708 tenemus,
2316 2619 2466 2697 hoc
2496 2619 2771 2695 bonum
2818 2621 3203 2715 provenit.

1096 2719 1301 2817 quod
1341 2719 1826 2800 testimonium
1882 2720 2045 2797 fidei
2083 2721 2342 2799 nostrae
2384 2717 2802 2795 habebimus
2838 2724 2929 2795 ab
2980 2717 3204 2796 hosti·

1093 2820 1272 2905 bus,
1304 2820 1376 2895 &
1425 2819 1614 2920 quali
1680 2824 1754 2898 in
1805 2819 2033 2918 figura
2081 2825 2290 2899 nobis
2355 2819 2883 2916 repraesentatur
2931 2874 2951 2906 ,
2993 2816 3200 2917 quod

1095 2919 1489 3013 credimus3
1521 2921 1593 2996 δι
1628 2918 1795 2998 ideo
1827 2923 1900 2998 in
1946 2920 2081 3001 suis
2105 2922 2352 3000 ritibus
2386 2917 2809 2997 tolerantur.
2866 2921 3218 2997 Aliorum'

1057 3041 1273 3095 ⁴vero
1327 3017 1717 3100 infidelium
1753 3025 1928 3100 ritus
1956 3070 1979 3105 ‚
2028 3024 2155 3120 qui
2208 3020 2382 3098 nihil
2421 3023 2727 3096 veritatis
2769 3068 2792 3105 ‚
2836 3038 2961 3097 aut
3008 3022 3195 3097 utili-

1091 3121 1253 3194 tatis
1273 3118 1577 3198 affetunt
1601 3168 1620 3198 ‚
1651 3144 1801 3197 non
1828 3121 1990 3202 sunt
2012 3122 2398 3220 aliqualiter
2431 3120 2817 3206 tolerandi,
2847 3119 2972 3195 nili
3002 3121 3196 3197 forte

1085 3218 1178 3293 ad
1227 3219 1525 3314 aliquod
1568 3219 1833 3299 malum
1887 3225 2319 3312 vitandum3
2372 3221 2629 3298 scilicet
2672 3222 2759 3294 ad
2819 3223 3192 3296 vitandum

1086 3319 1534 3395 scandalum*
1586 3323 1698 3395 vel
1742 3323 2139 3407 diffifflum,
2235 3323 2383 3399 und
2423 3343 2515 3395 cx
2567 3323 2711 3395 hut:
2811 3319 2983 3391 aller
3071 3343 3191 3391 ru-
