3792 5375
471 549 543 640 De
568 552 704 666 primo
733 544 937 672 Deculogi
963 557 1188 670 praecepto:
1296 580 1381 682 351.
1472 497 1480 520 Ν
1573 603 1577 612 -

322 723 446 802 labore
466 722 607 821 quaefita
638 721 938 822 sumptuolrllrmis
971 729 1196 824 apparatibus
1230 750 1381 827 compa·
1500 751 1503 766 ·

322 843 435 908 taut.
466 828 570 900 rebus
598 823 664 899 luis
682 825 737 900 vel
764 825 930 920 obligatis
954 827 990 901 in
1013 831 1168 903 muneris
1190 851 1381 925 compara·

323 930 446 1010 tione,
463 925 516 1000 vel
551 925 698 1001 venditis
722 947 732 1016 3
753 947 796 1000 ac
820 922 881 999 nist
902 928 1014 1000 editio
1039 925 1186 1003 honesta
1212 927 1379 1006 succerre-

319 1030 390 1110 rit,
408 1027 597 1109 conviciis,
611 1047 652 1100 ac
673 1022 774 1099 sibilis
799 1026 1005 1116 ejiciuntur,
1020 1026 1057 1102 dc
1076 1027 1373 1121 furorepopulari

319 1147 583 1219 nonnunquam
612 1147 703 1220 pene
722 1125 932 1220 lapidantur.
969 1123 1072 1201 Tuos
1105 1128 1189 1202 tales
1212 1151 1376 1206 munera·

318 1227 411 1311 rios,
433 1223 598 1306 Christe,
620 1224 846 1305 demonstra,
876 1230 1058 1322 praeceptis
1088 1229 1156 1301 tuis
1185 1230 1375 1313 monitos,

317 1329 355 1403 de
374 1348 441 1423 pro
457 1327 601 1399 terrenis
625 1325 780 1400 coelellia
802 1338 1034 1418 recepturos,
1064 1325 1143 1399 illos
1167 1325 1314 1413 divites,
1330 1328 1375 1406 il.

317 1429 373 1504 los
391 1424 546 1518 copiosis
565 1427 694 1517 opibus
720 1422 927 1513 affluentes3
962 1448 1004 1499 an
1024 1427 1059 1500 in
1092 1423 1240 1504 Ecclelia
1257 1427 1375 1521 praelt.
1428 1472 1433 1484 ·

316 1526 446 1608 dente,
460 1527 496 1599 ἃ
515 1523 687 1618 spatiante
705 1525 922 1618 teejulinodi
953 1547 1082 1602 munus
1101 1525 1207 1602 edunt
1230 1574 1238 1604 2
1263 1534 1371 1624 oppi-

314 1629 497 1722 gnoratis,
513 1624 565 1699 vel
591 1623 756 1700 dillraiiis
785 1625 889 1700 rebus
912 1621 1010 1704 suis,
1037 1629 1114 1700 inro
1140 1626 1184 1700 ad
1207 1626 1368 1704 coelilles

315 1727 495 1801 thesauros
518 1739 650 1798 niutata
672 1727 707 1798 in
736 1723 860 1798 melius
877 1720 1087 1820 pollellrone
1116 1726 1366 1806 translatis?ln

315 1829 384 1902 illis
407 1829 611 1900 muneribus
640 1827 725 1896 meis
750 1825 918 1907 caducis,
945 1838 1054 1919 atque
1085 1829 1228 1902 terrenis
1256 1851 1368 1904 uerno

315 1929 496 2023 pal'citurs
530 1945 639 1996 nemo
676 1924 854 2008 vestitur,
895 1925 930 1997 da
964 1946 1073 1999 nemo
1105 1924 1366 2016 cibialicujus‚

313 2043 377 2102 aut
401 2039 506 2117 potus
538 2023 661 2098 lislntio
694 2021 901 2102 sustineturt
933 2037 1060 2099 contra
1088 2025 1182 2099 inter
1206 2023 1367 2104 furorem

312 2127 475 2209 edentis,
501 2125 536 2198 da
563 2124 743 2215 l'petlantis
774 2145 929 2196 errorem
958 2169 968 2198 2
994 2121 1173 2219 prodigo,
1198 2125 1234 2199 δι
1263 2124 1365 2206 llulta

310 2226 537 2318 voluptatum
563 2223 804 2297 liullrantium
829 2225 980 2298 vanitate
994 2223 1198 2316 depereunt
1230 2223 1303 2301 lllic
1326 2230 1365 2304 in

310 2327 522 2424 pauperibus
561 2327 629 2398 tuis
654 2338 692 2397 tu
724 2322 877 2404 vellitis,
916 2322 954 2396 dr
988 2321 1160 2418 pasceris,
1190 2338 1230 2401 tu
1254 2343 1365 2426 ¹aster·

310 2449 393 2501 nam
417 2427 524 2500 vitam
556 2426 785 2511 operantibus
808 2420 984 2524 polliceris
1006 2441 1019 2512 ;
1045 2423 1081 2496 ἀ
1108 2424 1167 2499 vix
1194 2427 1246 2501 tui
1275 2428 1362 2502 meis
1474 2473 1476 2478 .

308 2527 535 2621 pereuntibus
553 2525 782 2621 adaequantur
805 2523 895 2616 ‚qui
925 2543 945 2594 rr
980 2535 1017 2596 te
1038 2522 1163 2597 diuinis
1188 2527 1362 2600 nrercedr.

309 2633 374 2702 bus
387 2679 398 2712 ,
413 2627 448 2701 ἃ
464 2627 615 2721 praemiis
634 2622 834 2698 coelellibus
846 2621 1082 2697 honorantur·
1107 2621 1206 2715 Quid
1227 2623 1270 2699 ad
1283 2626 1372 2706 hec·

309 2723 584 2820 respondemus,
599 2720 732 2798 Fratres
743 2718 928 2797 charisimi
942 2719 958 2795 ?
972 2721 1145 2816 Sacrilega
1158 2724 1357 2812 llerilitate,

309 2825 346 2899 &
383 2825 535 2921 quadam
579 2828 801 2897 tenebrarum
833 2819 938 2895 nodie
972 2837 1161 2916 coopertas
1192 2825 1356 2902 divinum

307 2942 471 3009 mentes,
490 2946 559 3020 qua
584 2925 721 2996 ratione
750 2919 1004 3000 defendimus?
1029 2943 1099 3016 qua
1130 2922 1356 3000 excusatione

307 3024 526 3119 purgamus?
541 3024 614 3115 Qui
628 3020 756 3095 diaboli
768 3021 867 3093 servis
881 3026 1035 3095 minores
1050 3023 1166 3097 lunius
1179 3073 1185 3093 .
1200 3038 1239 3096 ut
1251 3022 1356 3097 Chri.

307 3125 362 3199 lio
385 3147 451 3217 pro
472 3128 585 3217 pretio
600 3120 762 3196 Pollionis
777 3169 785 3198 ‚
803 3124 837 3193 dt
862 3121 1073 3207 Sanguinis,
1100 3122 1211 3193 viceni
1237 3128 1352 3201 necin

307 3224 458 3299 modicis
475 3220 720 3317 rependamus.
751 3217 923 3312 Praecepta
941 3219 997 3291 ille
1012 3221 1114 3292 nobis
1128 3222 1243 3303 dedit,
1264 3222 1352 3318 quid

305 3322 420 3398 facere
450 3323 565 3397 servos
582 3322 661 3395 l'uos
687 3318 1067 3413 oporteret,iuliruxit
1090 3339 1102 3405 ;
1121 3324 1349 3415 operantibus

305 3425 491 3518 praemium
514 3422 709 3516 pollicitus,
727 3422 762 3493 da
784 3418 991 3509 supplicium
1009 3420 1177 3493 sterilibus
1195 3425 1349 3495 commi·
1378 3454 1383 3463 ·

303 3521 624 3606 natus,lententiam
639 3521 730 3594 luam
743 3520 901 3614 protulit,
913 3518 997 3613 quid
1011 3518 1222 3605 judicaturus
1236 3518 1274 3593 lit
1285 3545 1349 3595 an.

304 3636 341 3696 te
364 3622 535 3713 praedixit·
550 3621 642 3709 Qnae
657 3621 771 3710 potest
786 3616 965 3692 exsulatio
981 3611 1047 3690 elle
1065 3614 1202 3692 cellanti
1216 3619 1232 3688 ἐ
1246 3619 1281 3711 Q
1293 3645 1347 3696 uae

306 3719 460 3794 deienfio
480 3719 610 3795 sterilli
627 3717 697 3793 Nili
710 3722 808 3811 quod
834 3740 909 3790 non
937 3716 1085 3791 faciente
1106 3722 1226 3793 irruo,
1242 3720 1346 3819 quod

304 3822 526 3918 praecipitur,
542 3817 723 3894 Dominus
738 3817 860 3901 faciet,
875 3818 973 3916 quod
987 3821 1141 3893 minatur
1157 3872 1179 3911 „
1194 3873 1230 3909 ‚‚.

528 3937 851 4017 REGULA
901 3934 1088 4017 XXlV.

301 4058 517 4159 Pauperibus
532 4065 697 4137 omnibus
716 4115 726 4144 ‚
746 4062 850 4135 etium
873 4064 1044 4156 improbis
1067 4113 1076 4137 .
1096 4057 1272 4156 eroganda
1293 4058 1343 4136 est

351 4164 572 4261 eleemosyna
585 4215 595 4247 ,
607 4166 654 4238 ita
666 4179 783 4237 tamen
799 4215 808 4247 ,
822 4176 862 4236 ut
875 4183 1001 4236 eorum
1023 4161 1342 4236 uonloseaturinr·

349 4265 519 4358 probitas.

301 4396 459 4552 Hanc
482 4391 656 4509 ¹Regulam
685 4387 790 4506 tradit
805 4388 955 4484 Spiritus
985 4385 1139 4476 sandius,
1153 4386 1280 4502 Tobiae
1301 4407 1338 4503 4.

402 4494 487 4562 Nolr
501 4514 651 4565 averrere
660 4489 780 4585 facicm
791 4510 882 4561 turm
895 4487 1005 4562 abula
1015 4507 1154 4584 paupere
1167 4511 1179 4575 5
1192 4509 1241 4556 na
1254 4510 1341 4560 erum

346 4591 443 4666 Tum.
469 4593 501 4670 V
510 4600 532 4666 1
539 4597 601 4667 11.
827 4582 863 4667 Z
1209 4581 1294 4678 fier,
