3792 5375
691 535 764 636 De
788 534 1047 644 virtutibus:
1336 555 1397 653 67

336 711 398 814 ζ,
415 706 526 792 Ordo
537 708 619 788 rite
636 709 740 788 nobit
763 712 938 791 tenendur
954 714 1003 792 eil
1014 714 1056 804 (i
1097 712 1151 785 air
1164 714 1199 798 s.
1214 707 1363 799 Attiroi
1376 713 1392 804 )
1406 695 1469 768 lb·
1485 720 1511 797 3,-
1537 707 1583 774 D·

339 828 383 898 ut
410 808 660 896 arerecundia
683 811 797 911 prime
848 813 985 910 uaedaur
1002 813 1066 892 iun
1113 828 1234 894 menta
1255 779 1591 934 (1ιιοειι-ἑ),θῑῖ“5’ἀ

341 926 400 995 tur
415 933 518 1011 3quae
539 910 633 988 socia
654 955 665 990 i
685 932 728 989 ac
750 833 925 991 barbiani
945 913 996 992 est
1016 917 1146 994 mentis
1171 914 1364 1012 placiditati
1377 962 1390 1000 ,
1402 878 1467 1022 ag.
1480 876 1528 1009 ἶς’,

339 1015 532 1114 proterriae
542 1009 726 1107 fugitant.
749 1011 794 1088 ab
820 1015 924 1089 omni
943 1012 1055 1091 aliena
1079 1015 1170 1094 luxu
1191 1060 1201 1091 2
1224 1013 1390 1093 sobrieta-

340 1131 414 1191 tem
435 1110 552 1209 diligit
567 1165 579 1198 ,
593 1109 814 1189 honestatem
827 1109 950 1191 foret.
965 1114 1139 1196 decorum
1161 1110 1246 1192 iliud
1275 1116 1394 1213 requi-

339 1217 447 1295 rit..
472 1208 627 1289 Pulchra
653 1213 764 1290 virtus
784 1210 833 1289 eil
864 1214 1102 1301 verecundia.
1130 1213 1166 1292 dr
1191 1213 1394 1307 imtisgra·

340 1315 409 1397 tia,
424 1333 504 1408 quic
516 1333 594 1386 non
608 1308 770 1391 solumin
782 1310 899 1400 fadis,
914 1312 973 1392 sed
988 1319 1094 1394 etiam
1115 1317 1153 1391 in
1169 1312 1249 1413 ipis
1265 1312 1395 1412 ipettn

341 1429 401 1496 tur
422 1410 663 1503 sermonibus3
682 1434 728 1488 ne
754 1413 907 1490 modom
929 1413 1165 1513 progrediarir
1190 1415 1394 1511 loquendii

339 1509 498 1609 nequid
523 1510 734 1588 indecorum
767 1507 883 1589 sermo
903 1512 1043 1592 resonet
1070 1532 1165 1601 tuut·
1197 1512 1394 1610 Speculum

340 1616 437 1694 enim
452 1611 582 1698 inentis
602 1609 813 1708 plerumque
832 1616 869 1691 in
883 1616 996 1692 verbis
1007 1614 1168 1713 refulget
1198 1612 1394 1711 lplumro·

343 1718 394 1790 cia
403 1713 529 1789 lunum
547 1710 650 1786 librat
665 1709 854 1800 moderin,
871 1736 917 1790 ne
926 1711 1135 1816 cujusquam
1157 1712 1317 1800 offendat
1331 1738 1394 1792 aar·

344 1834 421 1888 rem
437 1836 509 1890 ror
537 1814 682 1890 tortior·
708 1811 894 1890 Silentium
925 1836 1073 1913 quoque
1092 1814 1232 1915 ipsum·
1258 1816 1395 1911 inquo

342 1911 394 1996 eil
409 1914 624 2008 reliquarum
648 1914 819 1990 virtutum
842 1918 980 1997 otium,
1000 1913 1395 1993 marimuttstoraere-

341 2015 485 2098 crrndiae
506 2012 564 2088 eil
594 2008 762 2107 Denique
783 2010 809 2091 u
827 2031 889 2090 aut
908 2015 1062 2095 infantiae
1082 2028 1321 2110 putaturum
1338 2013 1395 2092 su-

341 2115 498 2290 ffetulae,
515 2114 652 2207 probro
668 2118 793 2190 datuti
824 2111 848 2189 ii
865 2116 1108 2203 verecundiae,
1124 2114 1218 2200 laudi
1236 2113 1394 2198 ducitur.

377 2216 548 2289 acrbatin
562 2214 726 2308 periculis
747 2210 973 2299 Suionum&
991 2217 1131 2312 gravius
1150 2214 1394 2299 verecundie.

341 2334 452 2410 quam
469 2317 548 2389 vitae
574 2313 747 2395 damnum
771 2316 937 2407 putabat,
962 2336 1030 2391 trec
1046 2316 1277 2399 arbitrabatur
1301 2314 1395 2411 peri·
1420 2357 1436 2377 .·

341 2417 429 2492 culo
454 2412 602 2510 pudoris
622 2412 959 2493 tuendumi'aiutem.
988 2411 1393 2514 Deoioutoquebatur.

342 2518 401 2597 cui
420 2527 562 2605 poterat
577 2512 668 2592 carta
694 2511 904 2591 uerecundia
929 2516 1051 2613 eloqui
1075 2515 1300 2611 ;telugiebat
1327 2534 1395 2592 ort

343 2614 473 2692 intueri
496 2615 655 2690 virorum
675 2636 688 2707 ;
705 2611 865 2691 elerum
893 2613 929 2690 dr
954 2617 992 2691 in
1018 2614 1132 2693 oculis
1155 2615 1390 2699 verecundia·

343 2730 385 2791 ut
402 2737 470 2790 nec
490 2714 610 2819 uidere
632 2717 727 2790 viros
751 2709 980 2801 seminamur
1000 2714 1110 2793 videri
1138 2716 1232 2794 velit·
1259 2714 1391 2814 Neque

312 2888 317 2899 ,
344 2835 431 2889 vero
461 2810 645 2912 quisquam
668 2812 774 2892 solius
802 2810 898 2902 banc
920 2813 1076 2895 laudem
1094 2818 1256 2894 castitatis
1278 2830 1394 2910 putet·

343 2908 402 2991 Est
420 2919 518 2988 enim
543 2912 752 2994 verecundia
773 2915 952 3008 pudicitie
969 2937 1116 3003 corner,
1134 2909 1394 3009 eujussocieta·

345 3030 380 3091 te
396 3015 532 3088 carneas
550 3013 618 3110 ipit
637 3017 748 3093 tutior
767 3015 824 3090 est.
855 3014 977 3093 iionus
996 3019 1093 3092 enim
1117 3013 1393 3112 regeodaeculli-

344 3118 423 3190 tatis
439 3115 556 3207 pudor
570 3114 620 3189 est
640 3137 784 3197 comeus
797 3120 859 3215 qui
881 3114 904 3190 fi
925 3114 958 3192 se
973 3115 1165 3211 praetendat
1179 3113 1293 3199 adea,
1310 3133 1393 3210 qun

344 3219 459 3310 prima
480 3212 636 3308 pericula
664 3214 987 3310 immundicitiam
1013 3216 1173 3292 temerari
1195 3237 1271 3292 nou
1292 3211 1393 3289 boat·

341 3310 415 3393 Hic
437 3318 573 3411 primur
586 3317 621 3388 in
638 3312 712 3413 ipso
726 3316 945 3411 cognitionis
962 3311 1115 3410 ingreiiu
1127 3370 1137 3401 ,
1149 3313 1302 3393 Domini
1318 3336 1394 3392 nte·

343 3431 436 3491 trem
460 3415 691 3493 commendat
718 3413 936 3511 legentibus.
956 3416 991 3491 dr
1021 3433 1189 3512 tanquam
1222 3413 1313 3492 tellit
1336 3412 1395 3489 lo·

343 3515 468 3706 iiii
479 3515 596 3709 titi
598 3538 655 3690 ²1¹3
670 3516 841 3701 titini
853 3516 1079 3712 iltuit:
1103 3514 1395 3713 filistini

343 3717 389 3792 ab
406 3718 547 3810 Angelo
569 3716 730 3800 tacet.&
752 3735 850 3791 mota
874 3716 922 3791 eil
947 3717 982 3793 io
1007 3715 1155 3793 introitu
1180 3719 1274 3811 ejur,
1292 3713 1395 3809 quod

346 3814 392 3892 td
411 3814 518 3892 virilis
533 3812 793 3908 sexuulpeciem
817 3818 1037 3919 peregrinam
1066 3821 1228 3893 turbatur
1239 3814 1395 3906 aspector

347 3917 504 4012 virginit·
530 3911 571 3995 ln
587 3915 832 4010 infamatione
854 3916 972 3992 nullia
1001 3914 1156 3992 multum
1184 3911 1398 3990 verecundia

346 4015 479 4113 placet,
495 4013 650 4092 multum
662 4014 829 4091 conciliat
845 4018 965 4111 gratiae
977 4015 1072 4110 apud
1085 4014 1207 4092 Deum
1224 4012 1399 4088 nostrum·

343 4113 484 4195 Nonne
506 4113 584 4192 haec
597 4112 750 4212 praetulit
785 4114 1015 4192 Publicanum
1039 4116 1107 4201 ,dr
1127 4112 1400 4195 commendavit

344 4238 456 4300 eum.
473 4218 537 4310 qui
560 4237 629 4290 nec
653 4214 781 4293 oculor
804 4214 886 4292 suot
906 4212 1060 4292 audebat
1088 4213 1131 4293 ad
1153 4213 1289 4291 coeium
1307 4211 1405 4291 lert·

346 4313 415 4395 rel
436 4312 524 4393 Ideo
555 4312 763 4410 justificatur
787 4317 899 4412 magis
927 4312 1080 4392 Domini
1101 4313 1263 4406 judicio,
1291 4333 1401 4411 quam

342 4413 404 4500 ille
433 4412 621 4494 Pharisaeus
645 4472 655 4500 ,
682 4438 796 4514 quem
824 4414 1039 4493 deformarit
1064 4411 1306 4512 ptaesumotio.
1351 4409 1410 4495 Eu

343 4517 452 4599 tuam
473 4520 511 4593 iu
535 4513 613 4616 ipso
631 4534 765 4615 motu,
782 4515 907 4713 ςεΕίὶιΞ.
919 4509 1053 4599 incellu
1068 4518 1221 4597 tenendi
1235 4533 1411 4695 νοὲιςὲιιι.
