3792 5375
361 534 365 556 ⁸
441 552 524 647 'De
550 555 687 671 p'rImo
718 552 919 669 Decalogi
941 567 1165 674 pincipio}
1280 561 1365 672 '497

310 725 358 803 io
376 724 658 821 superstitionem
678 751 807 803 vanam
828 751 898 812 rac
921 729 1155 822 perniciosam
1182 726 1251 807 eise
1274 756 1365 809 con.

312 828 387 904 iiat.
415 826 546 921 Neque
565 832 659 904 enim
675 851 720 903 ex
744 850 861 903 rerum
885 844 1033 911 natura,
1056 853 1174 927 neque
1196 854 1242 908 ex
1265 830 1360 920 Dei.

312 927 369 1005 vei
391 922 550 1004 Ecclefiae
562 927 783 1002 institutione
797 930 869 1001 vim
893 928 1024 1004 habent
1042 928 1147 1006 uttam
1163 928 1363 1025 fignifican·

311 1030 348 1101 di
373 1049 427 1102 ret
440 1029 692 1121 contingenter
711 1025 844 1104 futuras
858 1080 869 1110 ‚
884 1042 944 1102 aut
963 1028 1118 1126 alioquin
1140 1032 1309 1109 occuitaa·
1329 1033 1362 1111 Α
1475 1063 1479 1070 ·

310 1119 388 1202 folo
410 1129 520 1220 igitur
542 1129 706 1200 damone
726 1171 737 1205 t
756 1123 941 1224 expreffe,
965 1127 1020 1203 rei
1042 1129 1146 1203 tacite
1168 1130 1360 1218 invocato,

312 1227 517 1323 expetiatur
529 1224 699 1317 ejusmodi
711 1224 856 1302 sortiunt
867 1227 1036 1305 dirediim
1052 1225 1197 1303 effectus
1218 1251 1283 1315 ue,
1298 1255 1323 1322 q

312 1323 452 1402 foturus
480 1346 525 1399 ex
548 1323 697 1401 sortibus
718 1325 918 1411 divinatur,
946 1330 1166 1421 procuratio.
1235 1229 1371 1498 eq*

311 1448 442 1521 genere
459 1424 604 1501 sortium
630 1423 837 1520 inteiligitur
862 1424 948 1500 iliud
964 1423 1154 1503 Ezechielis
1172 1444 1232 1504 ar.
1256 1433 1310 1497 Sre

313 1528 388 1595 Rex
402 1521 572 1617 Baby'ionis
588 1530 623 1591 ir
638 1519 730 1592 braio
742 1528 795 1600 ,in
808 1528 914 1616 capite
930 1527 1067 1596 ducrum
1078 1531 1214 1598 viarum
1225 1529 1361 1596 divina.

311 1627 432 1698 tionem
441 1646 583 1719 quarens
595 1661 607 1708 t
620 1621 822 1707 commiscens
831 1623 998 1717 sagittari
1013 1628 1239 1720 interrogavit
1252 1626 1338 1698 idaia
1346 1672 1360 1712 ,

311 1744 389 1795 exta
399 1722 567 1811 consuluit.
600 1727 651 1791 Ati
665 1727 834 1794 dexteram
849 1748 920 1816 ejus
929 1721 1022 1814 faiia
1034 1720 1078 1804 ed
1094 1727 1260 1797 divinatio
1264 1724 1363 1821 super

310 1822 512 1916 yerusalem.
544 1818 588 1900 Et
602 1820 704 1901 Oseae
724 1837 762 1917 4.
788 1822 926 1915 Populus
951 1848 1039 1896 meus
1060 1827 1095 1894 itt
1117 1825 1363 1920 iignointcrro·

308 1933 429 2018 gavit,
444 1926 487 1996 o
501 1922 631 1992 baculus
647 1923 716 2014 ejus
741 1927 957 1995 annuntiavit
978 1927 1020 1996 ei.
1046 1923 1135 2019 Quo
1160 1924 1205 2002 dc
1222 1930 1288 2004 ritu
1307 1926 1362 2004 iu·

313 2024 511 2119 perstitioiac
526 2024 750 2100 divinationis
766 2024 906 2122 legendi
921 2030 953 2100 S.
969 2027 1243 2116 Hieronymo&
1254 2025 1362 2098 Theo.
1407 2089 1409 2094 .

308 2123 474 2218 piayiatius
510 2128 544 2198 in
573 2122 859 2201 Commentariis.
899 2123 984 2202 Sors
1019 2124 1230 2201 divinatoria
1259 2125 1360 2204 sacris

312 2224 520 2302 Curionibus
543 2222 729 2300 damnatur
752 2266 762 2299 2
782 2224 971 2323 prasertim
988 2249 1064 2303 can.
1098 2231 1237 2311 Sortes,
1260 2224 1361 2306 causa

309 2322 370 2400 26'.
382 2349 441 2421 qn·
455 2338 487 2419 ς.
504 2345 549 2399 ex
562 2320 720 2399 Decreto
736 2323 929 2395 LeonislV.
949 2328 993 2402 ad
1009 2323 1202 2422 Episcopoa
1224 2322 1363 2402 Britan·
1490 2377 1497 2386 -

310 2433 386 2501 nia.
409 2477 463 2516 „,‚
485 2425 774 2517 Sortea‚.qoibur
804 2425 928 2502 cuncta
957 2447 1021 2502 vos
1047 2430 1082 2501 in
1102 2427 1218 2502 vestris
1242 2426 1363 2502 discti-

312 2529 450 2603 minatis
463 2525 600 2619 iudiciis
615 2572 626 2607 ,
645 2542 731 2617 quaa
743 2523 860 2600 Patres
872 2525 1151 2611 damnaverunt,
1164 2525 1249 2601 nihii
1264 2524 1359 2602 aiiud

312 2648 420 2722 quant
445 2625 680 2700 divinationes
701 2624 768 2708 ,&
795 2624 963 2702 maieficia
985 2625 1219 2702 decernimus.
1258 2623 1360 2718 Qua·

312 2728 476 2801 mobrem
502 2723 669 2800 volumus
682 2723 755 2800 iilaa
776 2729 928 2801 omnino
948 2726 1128 2809 damnari,
1149 2728 1184 2802 &
1205 2725 1293 2802 ultra
1306 2730 1359 2799 in-

313 2839 368 2899 ter
387 2823 592 2900 christianos
619 2824 788 2900 nolumus
811 2829 1011 2909 nominari,
1030 2826 1066 2900 &
1097 2849 1143 2901 ne
1174 2847 1362 2901 exerceam

314 2939 372 3000 tur
388 2978 398 3010 ,
415 2923 477 3001 sub
493 2921 722 3001 anathematis
752 2924 939 3002 interdiiio
970 2925 1202 3019 prohibemur
1226 2978 1249 3016 „
1263 2968 1299 3017 »ι

600 3052 1078 3185 Racuttxu

312 3261 494 3344 Diviioriis
518 3256 753 3350 sortibnsuti,
784 3263 1064 3340 modosortium
1084 3257 1359 3343 moderatio‚ac
1412 3345 1417 3358 ¹
1494 3283 1500 3293 ·

364 3368 509 3442 diretiio
528 3390 546 3440 a
572 3366 656 3465 Deo
674 3367 902 3462 expertetur,
922 3367 958 3439 tit
988 3365 1113 3439 debitae
1133 3363 1359 3438 conditione!

362 3483 605 3552 concurrant,
627 3465 762 3543 nullutn
782 3467 829 3542 est
851 3478 1052 3562 peccatum.

316 3621 468 3781 Sortes
489 3624 581 3699 enim
606 3623 785 3694 mittuntur
799 3623 833 3689 in
858 3619 982 3708 finum,
1004 3622 1048 3691 Ψ
1069 3646 1089 3689 a
1111 3621 1254 3693 Domino
1279 3636 1361 3690 trin·

394 3741 573 3813 petantur,
597 3740 635 3799 ut
647 3725 776 3800 dicitur
799 3721 901 3798 Prot·
916 3718 949 3795 6.
979 3723 1057 3790 Nec
1070 3718 1139 3809 sors
1154 3723 1278 3818 aliquid
1294 3745 1361 3790 mo·

315 3819 343 3890 li
367 3818 409 3900 est
432 3821 478 3898 stc
504 3844 646 3918 accepta
665 3822 683 3916 i
701 3826 818 3918 inquit
842 3828 874 3890 S·
900 3819 1036 3916 August.
1058 3828 1094 3898 in
1118 3820 1238 3900 Psalm·
1259 3838 1315 3913 30.
1340 3819 1360 3906 )

316 3918 429 4017 ldque
446 3924 677 3999 confirmatur
707 3947 783 3999 can.
814 3924 1023 4008 Sors‚cauia
1048 3935 1107 4000 26.

368 4020 486 4099 Potest
512 4028 681 4098 tamenin
697 4021 749 4096 his
774 4024 1049 4122 quadrupliciter
1071 4037 1359 4117 peccatnmcon-

314 4122 490 4219 tingere(
514 4125 630 4220 inquit
649 4128 681 4190 S·
703 4122 816 4219 Titum«.
839 4138 873 4190 2·
897 4141 930 4196 2.
946 4145 1010 4218 qu.
1033 4139 1091 4207 95·
1115 4135 1175 4195 art.
1201 4131 1234 4202 8.
1252 4117 1270 4204 )
1288 4116 1362 4194 Prie

315 4244 379 4299 mo
390 4223 558 4317 quidem:
577 4275 599 4312 ,‚
615 4221 649 4296 Si
667 4220 794 4316 abique
809 4219 877 4296 ulla
896 4217 1093 4296 neceffitate
1106 4219 1150 4294 ad
1169 4219 1276 4293 sortes
1306 4215 1361 4289 re'.

315 4337 528 4410 „curratur
565 4318 649 4398 Hoc
671 4324 765 4395 enim
794 4316 931 4394 videtur
949 4319 992 4393 ad
1027 4321 1262 4393 tentationem
1289 4313 1360 4393 Dei

315 4422 529 4510 „pertinere
547 4477 580 4511 „.
604 4419 708 4496 Unde
727 4425 757 4493 S.
780 4413 990 4504 Ambrofiur‚
1012 4416 1102 4492 libro
1116 4438 1150 4505 ς.
1175 4419 1210 4492 in
1239 4420 1383 4493 Lucam·
1479 4502 1483 4513 y

315 4516 1361 4618 aim„Qniiorteeligitur‚humanojudiciononcomnrea
1413 4542 1416 4549 ·

315 4614 535 4714 henditut„·
787 4614 806 4693 1
830 4617 842 4694 i
868 4632 891 4692 a
1249 4611 1311 4691 Sc·
