3792 5375
1066 533 1070 538 ’
1168 540 1334 621 3ςο
1517 511 1831 611 Theoi.
1862 513 2095 626 Dog.
2156 509 2570 606 &morat
2614 509 2802 605 Lib.
2858 510 3015 612 IV.

1230 691 1466 766 tatiani
1532 686 1743 765 refert
1788 685 2151 777 Dominus
2226 708 2247 754 t
2307 688 2506 763 cibus
2557 691 2831 784 egeni,
2885 688 3088 785 regni
3123 711 3289 772 coe-

1168 715 1349 866 festis
1391 790 1488 865 est
1522 795 1829 886 pretium
1862 813 1884 881 ;
1923 789 1996 862 &
2028 791 2318 883 largitor
2346 789 2848 883 temporalium
2876 840 2897 872 .
2936 790 3138 866 heres
3173 795 3279 869 ef-

1167 891 1399 967 ficitur
1453 907 1910 967 aeteruorum.
1985 884 2193 964 Unde
2249 903 2487 963 autem
2531 891 2790 985 exigua
2830 890 2949 964 ista
2998 894 3284 987 impen-

1164 992 1277 1066 dia
1322 1006 1514 1065 tanta
1570 990 1884 1067 aestimari
1936 991 2299 1066 taxatione
2364 1003 2779 1063 meruerunt
2827 988 2863 1068 '3
2929 990 3053 1065 nisi
3108 996 3278 1089 quia

1163 1092 1486 1187 pondera
1530 1112 1830 1186 operum
1867 1088 2225 1164 charitatis
2274 1087 2474 1162 lance
2519 1085 2931 1183 pensantur.
2978 1091 3051 1165 ἀ
3102 1115 3274 1169 cum

1161 1206 1439 1266 amatur
1468 1189 1553 1264 ab
1593 1191 1886 1264 homine
1913 1244 1934 1276 ,
1957 1190 2156 1287 quod
2189 1184 2391 1262 Dens
2428 1186 2659 1283 diligit
2682 1239 2704 1271 ,
2733 1190 2987 1263 merito
3023 1193 3094 1265 in
3124 1195 3275 1288 ejus

1156 1289 1554 1367 ascenditur
1604 1312 1909 1385 regnum
1940 1343 1960 1373 ,
2004 1289 2074 1360 in
2098 1290 2302 1380 cujus
2332 1287 2659 1362 transitur
2693 1284 3021 1364 affec'ium
3069 1347 3112 1381 „
3150 1332 3226 1383 „-

1258 1389 1560 1459 Salviana·
1588 1385 2019 1464 Maffinensis
2060 1383 2454 1485 Presbyteri
2501 1386 2868 1479 praeclarus
2913 1388 3008 1463 est
3030 1388 3161 1466 hac
3179 1393 3274 1468 de

1156 1511 1236 1564 re
1263 1488 1464 1565 locus
1484 1536 1506 1570 ‚
1527 1486 1645 1563 lib.
1675 1508 1742 1578 4.
1771 1491 1881 1559 Ac!
1910 1483 2251 1573 Ecclesiam
2278 1486 2683 1572 cathalacum,
2712 1487 2833 1564 ubi
2861 1510 3029 1564 cum
3053 1489 3267 1565 dixis-

1153 1588 1289 1673 set,
1317 1586 1558 1667 Deum
1585 1587 1874 1688 quidem
1916 1590 1990 1662 in
2033 1584 2247 1682 seipso
2289 1610 2439 1662 non
2492 1607 2741 1684 egere,
2797 1586 2912 1663 sed
2959 1592 3031 1663 in
3074 1592 3261 1667 mul-

1154 1691 1242 1766 tis
1267 1711 1525 1783 ;none
1579 1711 1690 1763 ere
1716 1689 1916 1783 juxta
1951 1686 2582 1782 omnipotentiam
2611 1731 2630 1762 ‚
2662 1683 2777 1762 sed
2800 1710 3009 1783 egere
3050 1690 3257 1783 juxta

1151 1787 1507 1866 misericor
1565 1792 1696 1864 iam
1748 1807 1773 1877 ;
1834 1787 2111 1872 subdit.
2144 1787 2499 1863 Christum
2560 1809 2712 1862 non
2772 1786 2999 1863 solum
3046 1812 3260 1887 egere

1150 1909 1322 1966 cum
1365 1892 1677 1966 caeteris.
1706 1886 1817 1962 sed
1845 1888 2077 1964 multo
2112 1887 2268 1982 plus
2290 1909 2507 1982 quam
2529 1903 2842 1961 caeteros.
2889 1932 2941 1973 ,2
2981 1887 3061 1962 ln
3099 1914 3264 1966 om-

1148 2043 1194 2082 „
1229 1991 1300 2064 ni
1341 1993 1556 2065 etiam
1601 2009 1994 2083 pauperum
2040 2011 2347 2063 numero
2376 2042 2398 2073 ,
2430 2010 2578 2062 non
2611 1988 2712 2061 est
2753 1989 3245 2066 universorum

1143 2142 1191 2182 „
1222 2113 1358 2165 una
1389 2102 1783 2187 paupertas·
1835 2086 2021 2164 Sunt
2046 2087 2334 2183 quidam
2372 2142 2391 2172 ‚
2430 2088 2685 2182 quibus
2734 2087 2998 2162 etiamsi
3050 2092 3254 2164 vesti-

1142 2237 1190 2281 „
1226 2206 1463 2264 menta
1492 2185 2097 2271 desunt,alimenta
2124 2208 2272 2261 non
2294 2186 2541 2262 desunt
2564 2209 2586 2277 ;
2615 2185 2993 2263 multisunt
3013 2187 3254 2284 hospi-

1144 2343 1191 2380 „
1218 2290 1326 2364 tio
1349 2301 1637 2384 egentes
1653 2288 2089 2369 ,vestimenta
2112 2309 2263 2361 non
2283 2305 2572 2383 egentes
2603 2307 2627 2368 3
2657 2285 2862 2363 multi
2885 2288 3113 2364 domo
3136 2314 3255 2367 ca·

1145 2444 1188 2479 ‚‚
1218 2401 1451 2463 rentes
1476 2442 1495 2472 ,
1528 2409 1679 2462 non
1719 2387 2090 2463 substantia
2128 2410 2151 2479 3
2191 2383 2351 2463 sunt
2393 2387 2707 2484 denique
2742 2438 2765 2471 ,
2817 2391 3073 2482 quibus
3121 2387 3248 2464 etsi

751 2481 1014 2586 Christus
1054 2483 1117 2547 ³¹¹
1147 2543 1191 2580 ‚,
1223 2487 1473 2565 desunt
1518 2485 1737 2562 muita
1762 2541 1781 2570 ‚
1809 2509 1962 2562 non
1988 2485 2236 2563 desunt
2268 2490 2533 2562 omnia.
2589 2540 2635 2578 „
2655 2542 2699 2578 „
2749 2484 3063 2564 Christus
3087 2505 3243 2565 tan-

751 2583 1071 2704 ⁰2¹²ln¹¹³mm
1148 2587 1539 2665 tummodo
1560 2587 1746 2662 sdlus
1771 2585 2013 2669 est,cui
2041 2585 2216 2661 nihil
2237 2588 2357 2671 est,
2377 2585 2576 2683 quod
2603 2586 2674 2661 in
2699 2588 2898 2662 omni
2926 2585 3247 2665 humano

742 2659 1117 2781 ξηῑῖξῖἓωω
1148 2712 1407 2784 genere
1452 2710 1604 2763 non
1640 2683 1838 2764 defit.
1892 2684 2148 2764 Nullus
2195 2685 2559 2763 servorum
2610 2684 2901 2765 suorum
2929 2689 3242 2776 exultat,

750 2796 1072 2863 mendicat.
1150 2789 1382 2867 nullus
1419 2785 1736 2885 frigore,
1763 2809 1848 2864 ac
1878 2786 2197 2863 nuditate
2239 2805 2616 2882 torquetur
2642 2841 2661 2874 ,
2709 2810 2878 2864 cum
2935 2812 3087 2886 quo
3128 2791 3245 2867 ille

1148 2913 1299 2965 non
1339 2887 1589 2985 algeat·
1640 2886 1850 2965 Solus
1875 2910 2042 2964 cum
2083 2887 2541 2981 esurientibus
2577 2887 2825 2975 esurit,
2864 2888 3046 2966 solus
3075 2913 3246 2967 cum

1142 2991 1535 3065 sitientibus
1583 2985 1744 3068 fitit.
1804 2985 1894 3065 Et
1944 2986 2111 3064 ideo
2150 3005 2498 3084 quantum
2550 2987 2638 3062 ad
2680 2987 2861 3064 illius
2909 2992 3247 3085 pietatem

1046 3150 1051 3155 .
1140 3090 1501 3186 pertinet,
1538 3086 1933 3183 plusquam
1959 3090 2192 3164 caeteri
2237 3086 2676 3186 eget3s01us
2729 3094 3243 3166 tantummodo

1140 3188 1457 3266 Christus
1490 3190 1588 3264 est
1639 3189 1825 3284 ,·qui
1871 3190 1946 3264 in
1984 3190 2311 3265 omnium
2358 3211 2744 3283 pauperum
2794 3187 3241 3265 universitate

1142 3289 1502 3365 mendicet
1548 3343 1594 3379 2,
1619 3343 1688 3375 „.
1814 3391 1830 3403 4
