3792 5375
1128 469 1297 630 '356
1432 517 1749 622 T-heoh
1805 517 2040 638 Dog⁴
2103 523 2188 614 &
2250 515 2555 619 MoraL
2613 519 2804 620 Lib.-
2829 505 2984 625 IV.

1122 693 1391 776 etiamn
1416 693 1936 792 pecuniam.ve1
1961 693 2225 789 aliquid
2247 693 2457 783 aliud,
2483 697 2684 794 quod
2714 700 2916 795 inopi
2941 696 3248 796 largien-

1118 799 1297 874 dum
1336 797 1477 884 est.
1514 808 1671 874 nori
1713 798 1998 874 habent-¹
2047 793 2268 872 Multi
2311 813 2550 873 nutem
2601 797 2772 873 foris
2820 799 3087 877 faciunt
3113 851 3130 878 ‚
3161 806 3240 881 δι

1114 898 1309 977 intus
1351 922 1505 975 non
1538 898 1857 980 faciunt,
1882 899 2005 993 qui
2043 895 2154 971 vel
2195 899 2624 983 ambitione,
2678 896 2788 972 vel
2820 899 3110 995 alicujus
3139 905 3238 979 rei

1118 998 1534 1094 temporalis
1586 1002 1810 1094 gratia
1842 997 2096 1072 volunt
2123 995 2600 1072 misericordes
2668 1000 2926 1085 videri,
2973 1003 3042 1074 in
3079 1006 3243 1101 quii.

1118 1097 1254 1174 bus
1327 1096 1465 1174 sola
1511 1096 1770 1172 sinistra
1836 1097 2114 1192 operari
2177 1089 2633 1172 &estimanda
2681 1098 2802 1173 est.
2885 1097 3063 1176 ltem
3125 1102 3241 1180 alii

1122 1196 1316 1294 quasi
1346 1197 1661 1273 medium
1699 1198 1888 1271 inter
1929 1194 2263 1290 utrosque
2291 1195 2536 1272 locum
2593 1210 2877 1284 tenent,
2906 1201 3083 1274 ut&
3131 1205 3240 1277 in-

1124 1303 1450 1373 tentione
1475 1346 1493 1378 ‚
1537 1319 1696 1393 quae
1718 1299 1788 1370 in
1814 1293 2055 1372 Deum
2107 1297 2205 1369 est
2231 1345 2248 1376 ,
2285 1293 2801 1396 eleemosynam
2837 1299 3130 1385 faciant,
3155 1302 3235 1378 Gt

1124 1406 1363 1474 tamen
1404 1395 1648 1472 inserat
1677 1393 1741 1469 se
1765 1391 1932 1470 huic
1959 1398 2251 1489 optimae
2275 1394 2628 1471 voluntati
2649 1398 2988 1475 nonnulla
3015 1402 3232 1480 etiam

1124 1493 1387 1582 laudis,
1434 1498 1543 1570 vel
1575 1494 1915 1592 cujusque
1966 1498 2063 1568 rei
2107 1494 2403 1591 fragilis,
2457 1497 2530 1570 &
2575 1499 2984 1594 temporalis
3024 1505 3229 1595 cupi.

1121 1595 1321 1672 ditas·
1378 1594 1517 1671 Sed
1558 1593 1925 1674 Dominus
1953 1593 2189 1671 noster
2229 1592 2462 1672 multo
2505 1595 2995 1675 vehementius
3052 1623 3226 1693 pro-

1119 1693 1320 1784 hibet
1366 1697 1584 1772 solam
1630 1692 1966 1771 finistram
1998 1698 2073 1769 in
2095 1696 2304 1769 nobis
2327 1700 2639 1788 operari,
2687 1700 2978 1792 quando
3007 1704 3224 1779 etiam

1121 1794 1393 1872 misceri
1452 1819 1607 1870 eam
1641 1812 1830 1872 vetat
1867 1796 2201 1889 operibus
2257 1793 2616 1889 dexterae3
2651 1811 2731 1873 ut
2784 1797 3038 1874 scilicet
3069 1821 3223 1878 non

1124 1896 1353 1971 modo
1385 1894 1527 1972 sola
1580 1893 2080 1991 temporalium
2132 1915 2369 1971 rerum
2412 1897 2798 1988 cupiditate
2846 1921 3224 1978 caveamus

1122 1993 1640 2094 eleemosynam
1685 1994 1963 2082 facere3
1997 1993 2110 2068 sed
2148 2017 2281 2070 nec
2324 1997 2415 2070 ita
2444 1996 2513 2068 in
2550 1995 2696 2072 hoc
2730 2019 2951 2092 opere
2992 2014 3221 2077 atteri*

764 2151 769 2156 -
1120 2092 1370 2173 damus
1402 2094 1686 2176 Deum,
1726 2110 1806 2171 ut
1836 2091 1968 2169 sese
1997 2092 2317 2179 misceat,
2369 2095 2479 2171 vel
2515 2095 2855 2192 adiungat
2905 2103 3221 2176 exterio.

712 2161 1087 2321 {mg-⁸3³5„
1117 2217 1279 2271 rum
1322 2220 1359 2271 a
1417 2197 1664 2295 petitio
1711 2195 2279 2272 commodorum
2306 2249 2349 2299 ,7
2372 2243 2441 2284 ,‚.
2496 2193 2672 2271 Non
2704 2211 2938 2272 tamen
2970 2199 3216 2293 prohi-

714 2270 993 2404 ,ἥρω’
1116 2295 1325 2373 betur
1402 2296 1755 2372 ‘hristiano
1786 2347 1803 2372 .
1873 2316 1965 2369 ne
1995 2292 2472 2392 eleemolynas
2506 2296 2735 2389 palam
2773 2297 2979 2374 faciat
3019 2352 3040 2382 ,
3093 2299 3211 2376 sed

706 2400 926 2478 Joaxn.
1108 2418 1202 2472 ne
1236 2392 1990 2492 gloriosae‚laudisque
2037 2392 2365 2472 humanae
2421 2393 2643 2472 causa·
2714 2393 3210 2495 Eleemosynas

1105 2497 1326 2593 igitur
1364 2499 1436 2571 in
1463 2495 1686 2571 oculis
1718 2496 1931 2571 etiam
1957 2492 2337 2571 hominum
2366 2511 2617 2588 eroget
2636 2497 2720 2570 ad
2746 2498 3156 2589 exemplum
3176 2549 3201 2580 .

1103 2597 1175 2671 δι
1203 2611 1283 2674 ut
1307 2594 1505 2674 Deus
1555 2593 1923 2682 laudetur,
1964 2616 2114 2671 non
2153 2606 2237 2670 ut
2282 2593 2424 2691 ipse
2474 2592 2814 2674 laudetur·
2855 2620 2875 2690 ;
2929 2596 3024 2677 fic
3072 2601 3210 2675 du-

1096 2695 1359 2797 plicem
1407 2695 1928 2796 eleemosynam
2008 2695 2334 2790 erogabit
2467 2692 2666 2772 Unus
2710 2702 2899 2773 enim
2942 2721 3202 2794 panem

1096 2795 1350 2897 esurit,
1382 2796 1554 2874 alter
1593 2797 1948 2890 justitiam.
2039 2789 2164 2869 Ille
2194 2796 2483 2890 quaerit,
2538 2798 2736 2894 quod
2785 2798 3209 2886 manducet,

1093 2895 1264 2984 ille,
1324 2898 1527 2996 quod
1610 2898 1944 2973 imitetur.
2032 2890 2240 2969 Illum
2306 2892 2520 2991 pascit
2567 2900 2923 2994 corporali
2973 2907 3200 2989 cibo,

1090 2994 1292 3075 hunc
1328 2996 1666 3091 exemplo
1696 2992 2096 3094 proposito.
2155 2992 2306 3086 Qri
2345 2991 2438 3070 lic
2471 2995 2990 3097 eleemosynam
3035 3022 3203 3077 ero.

1090 3113 1218 3195 gat
1252 3151 1274 3182 ,
1333 3093 1492 3195 Jesu
1548 3090 1834 3176 Christo
1885 3093 2226 3171 ministrat
2268 3112 2294 3185 ς
2343 3097 2509 3193 quia
2557 3098 3011 3194 porrigendo,
3045 3103 3202 3177 esu.

1093 3198 1303 3274 rienti
1337 3220 1593 3294 panem
1619 3251 1642 3286 ,
1678 3195 1769 3273 de
1794 3192 2266 3272 misericordia
2303 3192 2510 3275 facit,
2535 3218 2686 3271 non
2710 3198 2797 3272 de
2826 3197 3143 3290 jactantia
3167 3250 3195 3285 .

1092 3319 1244 3371 non
1288 3297 1473 3375 aliud
1512 3300 1604 3375 ihi
1636 3298 1928 3407 quaerit,
1985 3319 2201 3387 quam
2249 3319 2429 3389 opus
2468 3296 2789 3379 honum.
2847 3295 3197 3371 nesciente:
