3792 5375
496 524 584 621 750
640 499 795 600 Tlreol.
820 503 936 618 Dog.
968 505 1012 596 dc
1032 495 1187 606 bloral.
1219 497 1420 640 nbt'lv.

499 685 623 776 jubare
652 695 799 779 putant.
819 702 909 757 mox
938 694 980 757 ut
999 675 1308 776 lignumaudiunt
1339 681 1385 759 ad
1410 674 1567 768 Nonam

501 789 745 875 manducare3
766 784 829 880 qui
852 779 1053 858 nullatenus
1075 781 1236 876 jejunare
1263 782 1429 860 censendi
1457 787 1565 878 l'unt.

500 885 630 968 liante
657 884 951 959 manducaverint
972 935 984 968 ‚
1004 903 1113 978 quam
1139 881 1376 979 vespertinum
1400 885 1565 967 celebre·

501 1000 559 1061 tur
593 981 767 1064 officiunt.
796 981 1100 1059 concurrendum
1138 983 1187 1058 ert
1219 990 1314 1058 enim
1333 984 1378 1060 ad
1408 985 1565 1072 lll‘rlsae,

496 1086 626 1162 auditis
641 1086 824 1162 lllillarum
841 1082 1078 1166 solemnibus,
1093 1079 1164 1156 live
1186 1089 1387 1179 velpertinir
1404 1085 1564 1176 officiis,

499 1184 633 1280 largitis
663 1188 915 1282 eleemoiynis,
942 1183 987 1259 ad
1018 1186 1139 1258 cibum
1161 1185 1405 1262 accedendum
1429 1189 1491 1266 eli.
1522 1193 1564 1270 8i

500 1309 586 1363 vero
605 1288 730 1384 aliquis
750 1283 952 1361 netellitate
973 1283 1182 1360 conllritlus
1199 1289 1322 1368 luerit,
1340 1302 1380 1363 ut
1403 1293 1447 1364 ad
1469 1289 1563 1368 Mtt—

495 1385 567 1461 l'rm
589 1389 785 1461 convenire
803 1410 879 1460 non
900 1382 1032 1468 valeat.
1048 1384 1216 1461 aeliimata
1237 1389 1429 1482 verperrina
1443 1389 1568 1479 horam·

494 1488 678 1581 completa
701 1490 866 1560 oratioue
880 1483 955 1569 l'ua,
968 1485 1144 1578 jejumum
1165 1482 1346 1562 absolvere
1360 1491 1469 1564 debet
1484 1543 1555 1584 „„.

494 1585 660 1665 Relertut
672 1583 822 1662 Conone
834 1589 965 1669 uolent,
979 1585 1058 1659 dni.
1076 1602 1115 1658 10·
1131 1587 1186 1656 ue
1200 1589 1468 1677 conlectariune,
1494 1615 1559 1668 ve.

492 1689 548 1765 lut
567 1709 613 1761 ex
632 1688 798 1763 Concilio
822 1684 1059 1764 Cabilonenli.

546 1785 675 1863 Medio
696 1790 835 1888 circiter
867 1785 986 1862 leculo
1002 1802 1062 1868 ιο.
1076 1771 1277 1862 reiedionlu
1294 1783 1383 1864 liora
1392 1787 1557 1886 jejunio·

492 1909 573 1965 rum
611 1888 926 1965 eccleliallicorum
960 1885 1086 1964 diebus
1112 1903 1186 1963 erat
1215 1887 1305 1962 hora
1331 1911 1429 1966 nona
1453 1938 1467 1976 ‚
1493 1891 1556 1972 len

491 1991 594 2065 tertia
613 1990 877 2088 pomeridiana.
894 1985 1014 2065 saltem
1025 1989 1062 2062 in
1077 1983 1195 2065 ltalia,
1209 1983 1345 2064 remilla
1360 1990 1434 2086 jam
1450 1996 1556 2088 prio·

488 2095 538 2165 ris
557 2092 746 2187 dilciplinae
764 2090 968 2175 l'ereritate,
988 2102 1029 2166 ut
1059 2087 1200 2164 constat
1218 2110 1267 2164 ex
1291 2092 1454 2160 bouario
1477 2089 1556 2172 Vc.

488 2190 632 2265 ronensi
668 2188 846 2287 Episcopo
888 2188 1063 2265 Sermone
1103 2209 1134 2262 1.
1169 2191 1216 2263 de'
1252 2183 1553 2290 Quadragelimat

487 2335 512 2383 „
525 2344 548 2380 „
575 2288 823 2387 Vituperamus
841 2286 1007 2383 (inquit)
1025 2289 1061 2362 δι
1075 2287 1220 2364 illorum
1245 2291 1472 2370 ridiculosam
1493 2299 1554 2372 ni-

487 2411 603 2466 mium
637 2392 819 2465 stultitiam
843 2431 854 2464 ‚
877 2390 939 2482 qui
963 2403 1090 2463 contra
1113 2386 1313 2466 concellum
1333 2414 1431 2467 nona
1457 2393 1552 2476 born

487 2490 557 2563 diei
578 2497 746 2565 omnibus
772 2489 931 2565 l'umendi
959 2488 1135 2583 quidlibet
1153 2488 1356 2574 licentiami
1376 2495 1485 2590 alque
1498 2495 1551 2572 ad

485 2589 631 2665 nostem
644 2593 825 2686 ‚quotidie
847 2591 1020 2682 jejunium
1043 2588 1181 2684 eligunt
1197 2589 1373 2682 protelare
1392 2606 1459 2678 ,ut
1477 2616 1550 2672 no-

486 2690 541 2767 tre
554 2689 649 2788 quast
666 2716 750 2767 curn
764 2692 904 2766 licentia
917 2709 1078 2765 ventrem
1094 2690 1230 2765 ualeant
1242 2694 1462 2788 ingurgitare
1473 2750 1496 2785 ι,
1510 2744 1552 2795 22.

535 2791 742 2869 Concilium
765 2790 1057 2886 Rothomagenle
1082 2814 1179 2867 anno
1199 2792 1386 2869 millelimo
1407 2801 1549 2888 leptua.

484 2894 622 2990 gelimo
646 2895 803 2969 lecundo
825 2893 967 2968 statuit:
986 2946 1008 2983 „
1037 2889 1086 2966 Ut
1109 2891 1225 2967 nullus
1247 2894 1283 2967 in
1308 2894 1549 2992 Quadragesr·

484 3048 507 3086 „
521 3017 577 3067 ma
593 3010 782 3089 prandeat,
796 3013 1007 3090 antequam,
1023 2990 1110 3089 liora
1123 3016 1218 3067 noua
1230 3001 1387 3090 petatio,
1405 2998 1549 3092 velper·

481 3101 590 3184 „tina
609 3100 762 3191 incipiat.
790 3092 880 3169 Non
908 3116 1004 3168 enim
1030 3094 1165 3186 jejunat
1186 3096 1320 3189 (inquit
1330 3090 1349 3179 )
1371 3102 1543 3193 quiante

481 3196 705 3288 „manducat
734 3243 770 3285 ‚‚.
808 3193 994 3289 Tempore
1027 3205 1057 3266 ὅ.
1078 3194 1207 3263 Tuomae
1227 3197 1423 3289 ieiunantes
1451 3201 1547 3275 rele-

481 3297 637 3372 dionem
662 3295 846 3372 tumebant
876 3302 973 3363 circa
999 3293 1112 3365 boram
1144 3318 1288 3375 nonam,
1316 3298 1373 3373 l'eu
1397 3303 1542 3378 tertiam

477 3399 781 3489 pomeridianam,
797 3419 868 3494 quo
884 3392 996 3472 Pallio
1010 3392 1141 3472 Christi
1168 3397 1429 3492 completorii,
1449 3421 1540 3478 cum

477 3498 648 3572 inclinato
669 3502 784 3593 capite
809 3498 953 3572 tradidit
973 3500 1147 3593 lpiritum.
1191 3496 1244 3574 Ex
1270 3497 1429 3574 Eccleliae
1460 3521 1543 3576 tan-

476 3600 560 3670 dem
578 3598 798 3693 indulgentia
821 3598 906 3675 loco
923 3621 1029 3674 nonae
1048 3598 1226 3674 lubilrtuta
1243 3599 1291 3672 ell
1317 3600 1406 3674 horu
1419 3600 1543 3689 lenta,

400 3708 404 3717 '
474 3694 532 3772 seu
551 3701 737 3779 meridies,
755 3702 848 3773 circa
873 3722 981 3794 quam
1000 3702 1126 3773 borani
1151 3700 1342 3775 crucilixus
1366 3702 1415 3775 est
1432 3699 1540 3777 Clrri·

474 3796 556 3873 llus.
586 3796 734 3873 Pril'cam
760 3815 879 3873 autem
898 3799 1116 3892 dilciplinam
1140 3800 1177 3870 iri
1199 3799 1273 3874 hoc
1298 3804 1430 3875 remitti
1443 3799 1540 3896 palla

473 3900 523 3974 eli
547 3894 719 3982 Ecclelia,
742 3900 778 3970 &
805 3899 919 3973 oculis
936 3906 1073 3991 aipexit
1104 3906 1234 3995 aequis,
1251 3919 1399 3999 propter
1422 3907 1536 3996 pluri.

474 4021 620 4076 morum
643 3998 904 4073 infirmitatem,
931 4004 993 4093 qui
1027 4002 1071 4073 ad
1094 3999 1222 4076 horam
1248 4007 1385 4077 tertiam
1408 4023 1541 4097 pome-

473 4102 643 4177 ridianam
661 4099 768 4197 ul'que
778 4101 935 4195 jejunare
947 4101 1076 4199 abique
1087 4107 1187 4197 gravi
1200 4108 1439 4179 incommodo
1456 4126 1536 4181 non

472 4215 651 4300 poterant·
677 4200 784 4277 Hanc
804 4205 899 4276 enim
913 4198 1167 4289 sufficientem,
1188 4203 1432 4300 &legitimam
1449 4224 1538 4280 cen-

469 4305 537 4379 iirit
557 4304 779 4379 remittendae
801 4307 999 4396 aulierioris
1019 4306 1210 4399 dilciplinae
1243 4311 1400 4391 caulam,
1420 4320 1535 4402 prout

467 4404 687 4497 judicaverat
711 4416 744 4472 u.
763 4403 928 4480 Thomas,
948 4409 997 4481 ob
1020 4407 1134 4487 hanc,
1158 4403 1353 4500 limilel'que
1375 4409 1534 4483 rationes

466 4501 568 4597 polle
583 4527 668 4585 cum
684 4503 857 4603 aliquibus
873 4505 1079 4603 dispensari,
1093 4519 1133 4581 ut
1147 4527 1229 4584 ente
1243 4503 1370 4583 lrotam
1386 4509 1528 4583 tertiam

1356 4628 1479 4683 come·
