<?xml version="1.0" encoding="UTF-8"?>
<!DOCTYPE html PUBLIC "-//W3C//DTD XHTML 1.0 Transitional//EN"
    "http://www.w3.org/TR/xhtml1/DTD/xhtml1-transitional.dtd">
<html xmlns="http://www.w3.org/1999/xhtml" xml:lang="en" lang="en">
 <head>
  <title>
</title>
<meta http-equiv="Content-Type" content="text/html;charset=utf-8" />
  <meta name='ocr-system' content='tesseract 3.04.00' />
  <meta name='ocr-capabilities' content='ocr_page ocr_carea ocr_par ocr_line ocrx_word'/>
</head>
<body>
  <div class='ocr_page' id='page_1' title='image "./theologiadogmat08alexgoog_0588.png"; bbox 0 0 3792 5375; ppageno 0'>
   <div class='ocr_carea' id='block_1_1' title="bbox 406 441 1391 627">
    <p class='ocr_par' dir='ltr' id='par_1_1' title="bbox 406 441 1391 627">
     <span class='ocr_line' id='line_1_1' title="bbox 406 441 1391 627; baseline 0.017 -27"><span class='ocrx_word' id='word_1_1' title='bbox 406 508 477 605; x_wconf 91' lang='lat' dir='ltr'>De</span> <span class='ocrx_word' id='word_1_2' title='bbox 505 504 688 602; x_wconf 88' lang='lat' dir='ltr'>secundo</span> <span class='ocrx_word' id='word_1_3' title='bbox 702 493 905 626; x_wconf 79' lang='lat' dir='ltr'>Decalugi</span> <span class='ocrx_word' id='word_1_4' title='bbox 930 518 1153 627; x_wconf 71' lang='lat' dir='ltr'>precepto·</span> <span class='ocrx_word' id='word_1_5' title='bbox 1248 502 1331 621; x_wconf 76' lang='lat'>589</span> <span class='ocrx_word' id='word_1_6' title='bbox 1384 441 1391 464; x_wconf 21' lang='grc' dir='ltr'>ἱ</span> 
     </span>
    </p>
   </div>
   <div class='ocr_carea' id='block_1_2' title="bbox 275 678 1335 1179">
    <p class='ocr_par' dir='ltr' id='par_1_2' title="bbox 275 678 1335 1179">
     <span class='ocr_line' id='line_1_2' title="bbox 282 678 1335 781; baseline -0.001 -17"><span class='ocrx_word' id='word_1_7' title='bbox 282 682 449 764; x_wconf 81' lang='lat' dir='ltr'>homines</span> <span class='ocrx_word' id='word_1_8' title='bbox 468 682 695 761; x_wconf 82' lang='lat' dir='ltr'>absoluerunt</span> <span class='ocrx_word' id='word_1_9' title='bbox 714 724 724 758; x_wconf 71' lang='lat'><em>2</em></span> <span class='ocrx_word' id='word_1_10' title='bbox 744 705 819 770; x_wconf 85' lang='lat' dir='ltr'>non</span> <span class='ocrx_word' id='word_1_11' title='bbox 843 680 938 779; x_wconf 88' lang='lat' dir='ltr'>quali</span> <span class='ocrx_word' id='word_1_12' title='bbox 964 683 1194 762; x_wconf 75' lang='lat' dir='ltr'>decernentes</span> <span class='ocrx_word' id='word_1_13' title='bbox 1214 678 1335 781; x_wconf 77' lang='lat' dir='ltr'>huius·</span> 
     </span>
     <span class='ocr_line' id='line_1_3' title="bbox 281 780 1335 883; baseline 0.001 -19"><span class='ocrx_word' id='word_1_14' title='bbox 281 786 383 864; x_wconf 83' lang='lat' dir='ltr'>modi</span> <span class='ocrx_word' id='word_1_15' title='bbox 400 788 597 883; x_wconf 89' lang='lat' dir='ltr'>juramenta</span> <span class='ocrx_word' id='word_1_16' title='bbox 618 805 693 858; x_wconf 91' lang='lat' dir='ltr'>non</span> <span class='ocrx_word' id='word_1_17' title='bbox 713 780 781 858; x_wconf 80' lang='lat' dir='ltr'>elle</span> <span class='ocrx_word' id='word_1_18' title='bbox 809 784 1042 880; x_wconf 76' lang='lat' dir='ltr'>obligatoria·</span> <span class='ocrx_word' id='word_1_19' title='bbox 1065 781 1123 859; x_wconf 90' lang='lat' dir='ltr'>sed</span> <span class='ocrx_word' id='word_1_20' title='bbox 1148 783 1244 879; x_wconf 84' lang='lat' dir='ltr'>quati</span> <span class='ocrx_word' id='word_1_21' title='bbox 1265 786 1335 865; x_wconf 82' lang='lat' dir='ltr'>hu·</span> 
     </span>
     <span class='ocr_line' id='line_1_4' title="bbox 282 882 1334 984; baseline -0.002 -20"><span class='ocrx_word' id='word_1_22' title='bbox 282 885 436 984; x_wconf 76' lang='lat' dir='ltr'>jusmodi</span> <span class='ocrx_word' id='word_1_23' title='bbox 465 884 704 979; x_wconf 76' lang='lat' dir='ltr'>obligationes</span> <span class='ocrx_word' id='word_1_24' title='bbox 727 901 774 958; x_wconf 80' lang='lat' dir='ltr'>ex</span> <span class='ocrx_word' id='word_1_25' title='bbox 800 882 890 976; x_wconf 86' lang='lat' dir='ltr'>julla</span> <span class='ocrx_word' id='word_1_26' title='bbox 913 882 1016 966; x_wconf 63' lang='lat' dir='ltr'>causa,</span> <span class='ocrx_word' id='word_1_27' title='bbox 1039 884 1232 961; x_wconf 73' lang='lat' dir='ltr'>relaxantes</span> <span class='ocrx_word' id='word_1_28' title='bbox 1256 926 1334 978; x_wconf 52' lang='grc' dir='ltr'>,ψ</span> 
     </span>
     <span class='ocr_line' id='line_1_5' title="bbox 284 984 1334 1076; baseline -0.006 -13"><span class='ocrx_word' id='word_1_29' title='bbox 284 985 384 1063; x_wconf 91' lang='lat' dir='ltr'>ldem</span> <span class='ocrx_word' id='word_1_30' title='bbox 406 986 516 1063; x_wconf 87' lang='lat' dir='ltr'>docet</span> <span class='ocrx_word' id='word_1_31' title='bbox 534 1002 565 1052; x_wconf 83' lang='lat' dir='ltr'>a.</span> <span class='ocrx_word' id='word_1_32' title='bbox 578 984 816 1073; x_wconf 67' lang='lat' dir='ltr'>raymundus.</span> <span class='ocrx_word' id='word_1_33' title='bbox 840 986 876 1059; x_wconf 90' lang='lat' dir='ltr'>in</span> <span class='ocrx_word' id='word_1_34' title='bbox 899 986 1048 1063; x_wconf 80' lang='lat' dir='ltr'>Summa</span> <span class='ocrx_word' id='word_1_35' title='bbox 1070 985 1125 1062; x_wconf 84' lang='lat' dir='ltr'>tir·</span> <span class='ocrx_word' id='word_1_36' title='bbox 1149 987 1204 1061; x_wconf 81' lang='lat' dir='ltr'>Da</span> <span class='ocrx_word' id='word_1_37' title='bbox 1219 986 1334 1076; x_wconf 45' lang='lat' dir='ltr'>fietu,</span> 
     </span>
     <span class='ocr_line' id='line_1_6' title="bbox 275 1082 686 1179; baseline -0.017 -19"><span class='ocrx_word' id='word_1_38' title='bbox 275 1105 391 1164; x_wconf 75' lang='lat' dir='ltr'>‚mento</span> <span class='ocrx_word' id='word_1_39' title='bbox 408 1139 426 1173; x_wconf 80' lang='grc'><em>,</em></span> <span class='ocrx_word' id='word_1_40' title='bbox 452 1088 495 1158; x_wconf 60' lang='lat' dir='ltr'>(a</span> <span class='ocrx_word' id='word_1_41' title='bbox 523 1082 686 1179; x_wconf 74' lang='lat' dir='ltr'>perjurio.</span> 
     </span>
    </p>
   </div>
   <div class='ocr_carea' id='block_1_3' title="bbox 471 1224 1066 1349">
    <p class='ocr_par' dir='ltr' id='par_1_3' title="bbox 471 1224 1066 1349">
     <span class='ocr_line' id='line_1_7' title="bbox 471 1224 1066 1349; baseline 0 -2"><span class='ocrx_word' id='word_1_42' title='bbox 471 1247 476 1255; x_wconf 80' lang='grc'><strong>’</strong></span> <span class='ocrx_word' id='word_1_43' title='bbox 592 1224 1066 1349; x_wconf 58' lang='lat' dir='ltr'>&#39;riccutnrc⁴</span> 
     </span>
    </p>
   </div>
   <div class='ocr_carea' id='block_1_4' title="bbox 285 1425 1335 1832">
    <p class='ocr_par' dir='ltr' id='par_1_4' title="bbox 285 1425 1335 1832">
     <span class='ocr_line' id='line_1_8' title="bbox 285 1425 1335 1534; baseline -0.001 -22"><span class='ocrx_word' id='word_1_44' title='bbox 285 1430 536 1534; x_wconf 76' lang='lat' dir='ltr'>juramentum</span> <span class='ocrx_word' id='word_1_45' title='bbox 555 1441 741 1505; x_wconf 82' lang='lat' dir='ltr'>extortum</span> <span class='ocrx_word' id='word_1_46' title='bbox 762 1425 872 1503; x_wconf 74' lang='lat' dir='ltr'>dolo,</span> <span class='ocrx_word' id='word_1_47' title='bbox 896 1427 953 1505; x_wconf 79' lang='lat' dir='ltr'>vel</span> <span class='ocrx_word' id='word_1_48' title='bbox 971 1450 1115 1514; x_wconf 87' lang='lat' dir='ltr'>errore,</span> <span class='ocrx_word' id='word_1_49' title='bbox 1135 1450 1215 1524; x_wconf 81' lang='lat' dir='ltr'>quae</span> <span class='ocrx_word' id='word_1_50' title='bbox 1235 1426 1335 1511; x_wconf 76' lang='lat' dir='ltr'>causa</span> 
     </span>
     <span class='ocr_line' id='line_1_9' title="bbox 335 1525 1334 1630; baseline 0 -22"><span class='ocrx_word' id='word_1_51' title='bbox 335 1534 385 1609; x_wconf 87' lang='lat' dir='ltr'>est</span> <span class='ocrx_word' id='word_1_52' title='bbox 409 1527 680 1630; x_wconf 74' lang='lat' dir='ltr'>promissionis,</span> <span class='ocrx_word' id='word_1_53' title='bbox 708 1526 1012 1611; x_wconf 75' lang='lat' dir='ltr'>velannorum,</span> <span class='ocrx_word' id='word_1_54' title='bbox 1039 1531 1178 1607; x_wconf 89' lang='lat' dir='ltr'>irritum</span> <span class='ocrx_word' id='word_1_55' title='bbox 1202 1531 1250 1607; x_wconf 82' lang='lat' dir='ltr'>esi</span> <span class='ocrx_word' id='word_1_56' title='bbox 1272 1525 1334 1624; x_wconf 70' lang='lat'>31}</span> 
     </span>
     <span class='ocr_line' id='line_1_10' title="bbox 334 1625 1335 1724; baseline -0.002 -15"><span class='ocrx_word' id='word_1_57' title='bbox 334 1656 421 1709; x_wconf 77' lang='lat' dir='ltr'>vero</span> <span class='ocrx_word' id='word_1_58' title='bbox 448 1630 552 1707; x_wconf 86' lang='lat' dir='ltr'>dolus</span> <span class='ocrx_word' id='word_1_59' title='bbox 574 1625 715 1704; x_wconf 81' lang='lat' dir='ltr'>nonsit</span> <span class='ocrx_word' id='word_1_60' title='bbox 742 1625 841 1705; x_wconf 84' lang='lat' dir='ltr'>causa</span> <span class='ocrx_word' id='word_1_61' title='bbox 875 1626 1140 1724; x_wconf 72' lang='lat' dir='ltr'>promisionis,</span> <span class='ocrx_word' id='word_1_62' title='bbox 1160 1629 1217 1709; x_wconf 82' lang='lat' dir='ltr'>vel</span> <span class='ocrx_word' id='word_1_63' title='bbox 1244 1653 1335 1709; x_wconf 88' lang='lat' dir='ltr'>cun·</span> 
     </span>
     <span class='ocr_line' id='line_1_11' title="bbox 336 1726 1213 1832; baseline -0.002 -22"><span class='ocrx_word' id='word_1_64' title='bbox 336 1731 487 1819; x_wconf 79' lang='lat' dir='ltr'>tractus,</span> <span class='ocrx_word' id='word_1_65' title='bbox 513 1729 657 1805; x_wconf 85' lang='lat' dir='ltr'>firmum</span> <span class='ocrx_word' id='word_1_66' title='bbox 680 1726 729 1804; x_wconf 88' lang='lat' dir='ltr'>est</span> <span class='ocrx_word' id='word_1_67' title='bbox 748 1728 936 1823; x_wconf 82' lang='lat' dir='ltr'>juramenti</span> <span class='ocrx_word' id='word_1_68' title='bbox 964 1729 1159 1808; x_wconf 79' lang='lat' dir='ltr'>vinculum.</span> <span class='ocrx_word' id='word_1_69' title='bbox 1192 1791 1213 1832; x_wconf 79' lang='grc'><em>,</em></span> 
     </span>
    </p>
   </div>
   <div class='ocr_carea' id='block_1_5' title="bbox 274 1876 1538 4581">
    <p class='ocr_par' dir='ltr' id='par_1_5' title="bbox 287 1876 1538 2283">
     <span class='ocr_line' id='line_1_12' title="bbox 287 1876 1504 2053; baseline -0.004 -85"><span class='ocrx_word' id='word_1_70' title='bbox 287 1888 503 2053; x_wconf 86' lang='lat' dir='ltr'>Nullum</span> <span class='ocrx_word' id='word_1_71' title='bbox 523 1888 619 1962; x_wconf 83' lang='lat' dir='ltr'>enirn</span> <span class='ocrx_word' id='word_1_72' title='bbox 637 1883 687 1962; x_wconf 86' lang='lat' dir='ltr'>est</span> <span class='ocrx_word' id='word_1_73' title='bbox 708 1886 899 1981; x_wconf 86' lang='lat' dir='ltr'>juramenti</span> <span class='ocrx_word' id='word_1_74' title='bbox 914 1885 1120 1965; x_wconf 70' lang='lat' dir='ltr'>vinculum,</span> <span class='ocrx_word' id='word_1_75' title='bbox 1141 1889 1203 1965; x_wconf 91' lang='lat' dir='ltr'>ubi</span> <span class='ocrx_word' id='word_1_76' title='bbox 1220 1885 1336 1967; x_wconf 78' lang='lat' dir='ltr'>nullut</span> <span class='ocrx_word' id='word_1_77' title='bbox 1351 1891 1400 1953; x_wconf 71' lang='lat' dir='ltr'>1&gt;e</span> <span class='ocrx_word' id='word_1_78' title='bbox 1424 1876 1504 1976; x_wconf 54' lang='grc' dir='ltr'>ἱππί</span> 
     </span>
     <span class='ocr_line' id='line_1_13' title="bbox 407 1959 1538 2101; baseline -0.004 -36"><span class='ocrx_word' id='word_1_79' title='bbox 407 1989 455 2065; x_wconf 84' lang='lat' dir='ltr'>eli</span> <span class='ocrx_word' id='word_1_80' title='bbox 477 1985 687 2076; x_wconf 80' lang='lat' dir='ltr'>conlenl&#39;us3</span> <span class='ocrx_word' id='word_1_81' title='bbox 705 2002 741 2061; x_wconf 90' lang='lat' dir='ltr'>at</span> <span class='ocrx_word' id='word_1_82' title='bbox 768 1990 828 2066; x_wconf 86' lang='lat' dir='ltr'>ubl</span> <span class='ocrx_word' id='word_1_83' title='bbox 857 1985 962 2064; x_wconf 87' lang='lat' dir='ltr'>dolua</span> <span class='ocrx_word' id='word_1_84' title='bbox 987 1987 1086 2065; x_wconf 89' lang='lat' dir='ltr'>causa</span> <span class='ocrx_word' id='word_1_85' title='bbox 1114 1989 1163 2064; x_wconf 81' lang='lat' dir='ltr'>eli</span> <span class='ocrx_word' id='word_1_86' title='bbox 1190 1987 1334 2085; x_wconf 87' lang='lat' dir='ltr'>promis·</span> <span class='ocrx_word' id='word_1_87' title='bbox 1351 1959 1538 2101; x_wconf 49' lang='lat' dir='ltr'>ffl‘nffiffss·</span> 
     </span>
     <span class='ocr_line' id='line_1_14' title="bbox 288 2081 1528 2186; baseline -0.005 -19"><span class='ocrx_word' id='word_1_88' title='bbox 288 2090 414 2175; x_wconf 83' lang='lat' dir='ltr'>sionis,</span> <span class='ocrx_word' id='word_1_89' title='bbox 433 2088 486 2163; x_wconf 86' lang='lat' dir='ltr'>vel</span> <span class='ocrx_word' id='word_1_90' title='bbox 509 2087 733 2186; x_wconf 65' lang='lat' dir='ltr'>contradam</span> <span class='ocrx_word' id='word_1_91' title='bbox 755 2085 872 2163; x_wconf 81' lang='lat' dir='ltr'>nullus</span> <span class='ocrx_word' id='word_1_92' title='bbox 890 2086 940 2162; x_wconf 82' lang='lat' dir='ltr'>eli</span> <span class='ocrx_word' id='word_1_93' title='bbox 962 2081 1528 2186; x_wconf 52' lang='lat' dir='ltr'>consensus3cellante101&#39;2w.</span> 
     </span>
     <span class='ocr_line' id='line_1_15' title="bbox 288 2179 1400 2283; baseline -0.008 -17"><span class='ocrx_word' id='word_1_94' title='bbox 288 2191 418 2268; x_wconf 87' lang='lat' dir='ltr'>scilicet</span> <span class='ocrx_word' id='word_1_95' title='bbox 446 2186 534 2263; x_wconf 91' lang='lat' dir='ltr'>dolo</span> <span class='ocrx_word' id='word_1_96' title='bbox 563 2187 595 2261; x_wconf 84' lang='lat' dir='ltr'>se</span> <span class='ocrx_word' id='word_1_97' title='bbox 614 2208 688 2262; x_wconf 91' lang='lat' dir='ltr'>nou</span> <span class='ocrx_word' id='word_1_98' title='bbox 707 2179 910 2282; x_wconf 73' lang='lat' dir='ltr'>obligasset,</span> <span class='ocrx_word' id='word_1_99' title='bbox 930 2189 992 2278; x_wconf 89' lang='lat' dir='ltr'>qui</span> <span class='ocrx_word' id='word_1_100' title='bbox 1008 2188 1145 2283; x_wconf 80' lang='lat' dir='ltr'>jurarit.</span> <span class='ocrx_word' id='word_1_101' title='bbox 1177 2187 1236 2265; x_wconf 86' lang='lat' dir='ltr'>Sic</span> <span class='ocrx_word' id='word_1_102' title='bbox 1258 2211 1337 2264; x_wconf 89' lang='lat' dir='ltr'>mu·</span> <span class='ocrx_word' id='word_1_103' title='bbox 1350 2192 1400 2257; x_wconf 82' lang='lat' dir='ltr'>ria.</span> 
     </span>
    </p>

    <p class='ocr_par' dir='ltr' id='par_1_6' title="bbox 289 2285 1340 2387">
     <span class='ocr_line' id='line_1_16' title="bbox 289 2285 1340 2387; baseline -0.001 -22"><span class='ocrx_word' id='word_1_104' title='bbox 289 2290 374 2374; x_wconf 78' lang='lat' dir='ltr'>liei,</span> <span class='ocrx_word' id='word_1_105' title='bbox 401 2308 481 2387; x_wconf 82' lang='lat' dir='ltr'>quae</span> <span class='ocrx_word' id='word_1_106' title='bbox 502 2285 590 2363; x_wconf 92' lang='lat' dir='ltr'>dolo</span> <span class='ocrx_word' id='word_1_107' title='bbox 607 2286 755 2362; x_wconf 81' lang='lat' dir='ltr'>fratrum</span> <span class='ocrx_word' id='word_1_108' title='bbox 777 2288 1020 2365; x_wconf 86' lang='lat' dir='ltr'>circumventa</span> <span class='ocrx_word' id='word_1_109' title='bbox 1041 2289 1259 2365; x_wconf 77' lang='lat' dir='ltr'>renuntiavit</span> <span class='ocrx_word' id='word_1_110' title='bbox 1276 2288 1340 2364; x_wconf 87' lang='lat' dir='ltr'>he-</span> 
     </span>
    </p>

    <p class='ocr_par' dir='ltr' id='par_1_7' title="bbox 274 2384 1342 2483">
     <span class='ocr_line' id='line_1_17' title="bbox 274 2384 1342 2483; baseline -0.004 -16"><span class='ocrx_word' id='word_1_111' title='bbox 274 2392 428 2473; x_wconf 73' lang='lat' dir='ltr'>¹redituri</span> <span class='ocrx_word' id='word_1_112' title='bbox 449 2406 622 2483; x_wconf 82' lang='lat' dir='ltr'>paternae,</span> <span class='ocrx_word' id='word_1_113' title='bbox 644 2385 768 2462; x_wconf 88' lang='lat' dir='ltr'>dotem</span> <span class='ocrx_word' id='word_1_114' title='bbox 789 2384 898 2482; x_wconf 84' lang='lat' dir='ltr'>longe</span> <span class='ocrx_word' id='word_1_115' title='bbox 911 2386 1097 2465; x_wconf 83' lang='lat' dir='ltr'>excedenti</span> <span class='ocrx_word' id='word_1_116' title='bbox 1110 2443 1121 2474; x_wconf 90' lang='lat'><strong>,</strong></span> <span class='ocrx_word' id='word_1_117' title='bbox 1134 2385 1342 2464; x_wconf 84' lang='lat' dir='ltr'>cellionem·</span> 
     </span>
    </p>

    <p class='ocr_par' dir='ltr' id='par_1_8' title="bbox 292 2483 1342 2587">
     <span class='ocr_line' id='line_1_18' title="bbox 292 2483 1342 2587; baseline -0.002 -19"><span class='ocrx_word' id='word_1_118' title='bbox 292 2514 363 2587; x_wconf 86' lang='lat' dir='ltr'>que</span> <span class='ocrx_word' id='word_1_119' title='bbox 384 2486 609 2566; x_wconf 86' lang='lat' dir='ltr'>confirmavit</span> <span class='ocrx_word' id='word_1_120' title='bbox 626 2486 852 2581; x_wconf 68' lang='lat' dir='ltr'>juramento,</span> <span class='ocrx_word' id='word_1_121' title='bbox 875 2483 966 2564; x_wconf 83' lang='lat' dir='ltr'>illiue</span> <span class='ocrx_word' id='word_1_122' title='bbox 990 2486 1178 2581; x_wconf 83' lang='lat' dir='ltr'>juramenti</span> <span class='ocrx_word' id='word_1_123' title='bbox 1194 2488 1342 2566; x_wconf 80' lang='lat' dir='ltr'>viuculo</span> 
     </span>
    </p>

    <p class='ocr_par' dir='ltr' id='par_1_9' title="bbox 291 2582 1341 2685">
     <span class='ocr_line' id='line_1_19' title="bbox 291 2582 1341 2685; baseline 0.002 -21"><span class='ocrx_word' id='word_1_124' title='bbox 291 2613 366 2667; x_wconf 92' lang='lat' dir='ltr'>nun</span> <span class='ocrx_word' id='word_1_125' title='bbox 388 2590 543 2685; x_wconf 86' lang='lat' dir='ltr'>ligatur,</span> <span class='ocrx_word' id='word_1_126' title='bbox 560 2591 641 2682; x_wconf 87' lang='lat' dir='ltr'>quia</span> <span class='ocrx_word' id='word_1_127' title='bbox 665 2582 816 2661; x_wconf 77' lang='lat' dir='ltr'>cessante</span> <span class='ocrx_word' id='word_1_128' title='bbox 837 2584 958 2663; x_wconf 78' lang='lat' dir='ltr'>dolo,</span> <span class='ocrx_word' id='word_1_129' title='bbox 983 2609 1050 2664; x_wconf 89' lang='lat' dir='ltr'>nec</span> <span class='ocrx_word' id='word_1_130' title='bbox 1072 2584 1216 2663; x_wconf 82' lang='lat' dir='ltr'>cellillet</span> <span class='ocrx_word' id='word_1_131' title='bbox 1233 2642 1255 2676; x_wconf 77' lang='lat'>„</span> <span class='ocrx_word' id='word_1_132' title='bbox 1270 2609 1341 2666; x_wconf 80' lang='lat' dir='ltr'>nec</span> 
     </span>
    </p>

    <p class='ocr_par' dir='ltr' id='par_1_10' title="bbox 289 2682 1341 2786">
     <span class='ocr_line' id='line_1_20' title="bbox 289 2682 1341 2786; baseline -0.007 -21"><span class='ocrx_word' id='word_1_133' title='bbox 289 2685 440 2786; x_wconf 82' lang='lat' dir='ltr'>juraffet·</span> <span class='ocrx_word' id='word_1_134' title='bbox 466 2686 516 2764; x_wconf 87' lang='lat' dir='ltr'>lta</span> <span class='ocrx_word' id='word_1_135' title='bbox 537 2682 655 2762; x_wconf 84' lang='lat' dir='ltr'>censet</span> <span class='ocrx_word' id='word_1_136' title='bbox 686 2692 922 2756; x_wconf 65' lang='lat' dir='ltr'>maturarimus</span> <span class='ocrx_word' id='word_1_137' title='bbox 951 2682 988 2761; x_wconf 85' lang='lat' dir='ltr'>P.</span> <span class='ocrx_word' id='word_1_138' title='bbox 999 2704 1035 2759; x_wconf 83' lang='lat'>2.</span> <span class='ocrx_word' id='word_1_139' title='bbox 1055 2689 1108 2770; x_wconf 77' lang='lat' dir='ltr'>tit,</span> <span class='ocrx_word' id='word_1_140' title='bbox 1129 2709 1183 2764; x_wconf 90' lang='lat'>10.</span> <span class='ocrx_word' id='word_1_141' title='bbox 1211 2683 1341 2784; x_wconf 60' lang='lat' dir='ltr'>cap&amp;</span> 
     </span>
    </p>

    <p class='ocr_par' dir='ltr' id='par_1_11' title="bbox 288 2785 1340 2888">
     <span class='ocr_line' id='line_1_21' title="bbox 288 2785 1340 2888; baseline -0.01 -23"><span class='ocrx_word' id='word_1_142' title='bbox 288 2789 403 2888; x_wconf 85' lang='lat' dir='ltr'>ldque</span> <span class='ocrx_word' id='word_1_143' title='bbox 426 2785 615 2863; x_wconf 83' lang='lat' dir='ltr'>confirmat</span> <span class='ocrx_word' id='word_1_144' title='bbox 643 2807 690 2862; x_wconf 82' lang='lat' dir='ltr'>ex</span> <span class='ocrx_word' id='word_1_145' title='bbox 714 2787 901 2859; x_wconf 75' lang='lat' dir='ltr'>intrarentin</span> <span class='ocrx_word' id='word_1_146' title='bbox 919 2786 989 2856; x_wconf 86' lang='lat'><em>111.</em></span> <span class='ocrx_word' id='word_1_147' title='bbox 1012 2809 1088 2885; x_wconf 82' lang='lat' dir='ltr'>cap.</span> <span class='ocrx_word' id='word_1_148' title='bbox 1111 2793 1191 2857; x_wconf 83' lang='lat' dir='ltr'>Cum</span> <span class='ocrx_word' id='word_1_149' title='bbox 1211 2791 1340 2857; x_wconf 83' lang='lat' dir='ltr'>contin.</span> 
     </span>
    </p>

    <p class='ocr_par' dir='ltr' id='par_1_12' title="bbox 285 2884 1484 3079">
     <span class='ocr_line' id='line_1_22' title="bbox 285 2884 1484 2984; baseline 0.003 -25"><span class='ocrx_word' id='word_1_150' title='bbox 285 2906 382 2984; x_wconf 75' lang='lat' dir='ltr'>gar,</span> <span class='ocrx_word' id='word_1_151' title='bbox 410 2884 491 2964; x_wconf 79' lang='lat' dir='ltr'>Ext·</span> <span class='ocrx_word' id='word_1_152' title='bbox 523 2890 576 2956; x_wconf 84' lang='lat' dir='ltr'>De</span> <span class='ocrx_word' id='word_1_153' title='bbox 600 2885 860 2976; x_wconf 72' lang='lat' dir='ltr'>Jaaejuraaao,</span> <span class='ocrx_word' id='word_1_154' title='bbox 886 2885 946 2963; x_wconf 85' lang='lat' dir='ltr'>ubi</span> <span class='ocrx_word' id='word_1_155' title='bbox 970 2884 1158 2981; x_wconf 82' lang='lat' dir='ltr'>respondet</span> <span class='ocrx_word' id='word_1_156' title='bbox 1178 2909 1190 2976; x_wconf 90' lang='lat'>;</span> <span class='ocrx_word' id='word_1_157' title='bbox 1214 2887 1340 2964; x_wconf 87' lang='lat' dir='ltr'>mulie·</span> <span class='ocrx_word' id='word_1_158' title='bbox 1475 2962 1484 2970; x_wconf 85' lang='grc'><strong>,</strong></span> 
     </span>
     <span class='ocr_line' id='line_1_23' title="bbox 289 2984 1340 3079; baseline -0.002 -13"><span class='ocrx_word' id='word_1_159' title='bbox 289 3011 344 3066; x_wconf 84' lang='lat' dir='ltr'>rea</span> <span class='ocrx_word' id='word_1_160' title='bbox 374 3010 450 3063; x_wconf 93' lang='lat' dir='ltr'>non</span> <span class='ocrx_word' id='word_1_161' title='bbox 475 2984 663 3063; x_wconf 82' lang='lat' dir='ltr'>audiendas</span> <span class='ocrx_word' id='word_1_162' title='bbox 690 2991 724 3062; x_wconf 93' lang='lat' dir='ltr'>in</span> <span class='ocrx_word' id='word_1_163' title='bbox 759 2985 896 3079; x_wconf 85' lang='lat' dir='ltr'>judicio</span> <span class='ocrx_word' id='word_1_164' title='bbox 934 3002 1061 3064; x_wconf 85' lang='lat' dir='ltr'>contra</span> <span class='ocrx_word' id='word_1_165' title='bbox 1091 2987 1340 3064; x_wconf 84' lang='lat' dir='ltr'>alienationem</span> 
     </span>
    </p>

    <p class='ocr_par' dir='ltr' id='par_1_13' title="bbox 290 3083 1340 3184">
     <span class='ocr_line' id='line_1_24' title="bbox 290 3083 1340 3184; baseline -0.001 -19"><span class='ocrx_word' id='word_1_166' title='bbox 290 3089 339 3165; x_wconf 87' lang='lat' dir='ltr'>rei</span> <span class='ocrx_word' id='word_1_167' title='bbox 372 3086 498 3163; x_wconf 83' lang='lat' dir='ltr'>dotalis</span> <span class='ocrx_word' id='word_1_168' title='bbox 523 3128 533 3164; x_wconf 68' lang='lat' dir='ltr'>a</span> <span class='ocrx_word' id='word_1_169' title='bbox 563 3088 621 3163; x_wconf 89' lang='lat' dir='ltr'>cui</span> <span class='ocrx_word' id='word_1_170' title='bbox 647 3086 777 3184; x_wconf 86' lang='lat' dir='ltr'>sponte</span> <span class='ocrx_word' id='word_1_171' title='bbox 803 3083 1079 3166; x_wconf 76' lang='lat' dir='ltr'>consenserant,</span> <span class='ocrx_word' id='word_1_172' title='bbox 1114 3089 1150 3162; x_wconf 81' lang='lat' dir='ltr'>de</span> <span class='ocrx_word' id='word_1_173' title='bbox 1175 3109 1219 3162; x_wconf 88' lang='lat' dir='ltr'>ne</span> <span class='ocrx_word' id='word_1_174' title='bbox 1250 3086 1340 3164; x_wconf 89' lang='lat' dir='ltr'>ulte·</span> 
     </span>
    </p>

    <p class='ocr_par' dir='ltr' id='par_1_14' title="bbox 288 3183 1340 3282">
     <span class='ocr_line' id='line_1_25' title="bbox 288 3183 1340 3282; baseline 0.003 -18"><span class='ocrx_word' id='word_1_175' title='bbox 288 3191 358 3267; x_wconf 85' lang='lat' dir='ltr'>rius</span> <span class='ocrx_word' id='word_1_176' title='bbox 373 3187 662 3265; x_wconf 78' lang='lat' dir='ltr'>contravenirent</span> <span class='ocrx_word' id='word_1_177' title='bbox 683 3187 831 3282; x_wconf 89' lang='lat' dir='ltr'>proprio</span> <span class='ocrx_word' id='word_1_178' title='bbox 858 3183 1077 3262; x_wconf 86' lang='lat' dir='ltr'>sacramento</span> <span class='ocrx_word' id='word_1_179' title='bbox 1104 3186 1340 3268; x_wconf 78' lang='lat' dir='ltr'>firmaverant.</span> 
     </span>
    </p>

    <p class='ocr_par' dir='ltr' id='par_1_15' title="bbox 288 3283 1340 3382">
     <span class='ocr_line' id='line_1_26' title="bbox 288 3283 1340 3382; baseline -0.002 -18"><span class='ocrx_word' id='word_1_180' title='bbox 288 3337 348 3375; x_wconf 87' lang='lat'>‚,„</span> <span class='ocrx_word' id='word_1_181' title='bbox 376 3285 457 3364; x_wconf 84' lang='lat' dir='ltr'>Noa</span> <span class='ocrx_word' id='word_1_182' title='bbox 486 3287 651 3378; x_wconf 83' lang='lat' dir='ltr'>(iuquit)</span> <span class='ocrx_word' id='word_1_183' title='bbox 684 3283 888 3362; x_wconf 84' lang='lat' dir='ltr'>fraternitati</span> <span class='ocrx_word' id='word_1_184' title='bbox 915 3302 985 3363; x_wconf 78' lang='lat' dir='ltr'>tua:</span> <span class='ocrx_word' id='word_1_185' title='bbox 1016 3286 1129 3362; x_wconf 88' lang='lat' dir='ltr'>taliter</span> <span class='ocrx_word' id='word_1_186' title='bbox 1149 3286 1340 3382; x_wconf 82' lang='lat' dir='ltr'>responde·</span> 
     </span>
    </p>

    <p class='ocr_par' dir='ltr' id='par_1_16' title="bbox 288 3381 1340 3482">
     <span class='ocr_line' id='line_1_27' title="bbox 288 3381 1340 3482; baseline 0.001 -19"><span class='ocrx_word' id='word_1_187' title='bbox 288 3411 393 3474; x_wconf 85' lang='lat' dir='ltr'>mus,</span> <span class='ocrx_word' id='word_1_188' title='bbox 420 3384 521 3482; x_wconf 87' lang='lat' dir='ltr'>quod</span> <span class='ocrx_word' id='word_1_189' title='bbox 544 3381 606 3460; x_wconf 83' lang='lat' dir='ltr'>etfi</span> <span class='ocrx_word' id='word_1_190' title='bbox 628 3384 815 3462; x_wconf 85' lang='lat' dir='ltr'>mulierum</span> <span class='ocrx_word' id='word_1_191' title='bbox 842 3383 1029 3461; x_wconf 84' lang='lat' dir='ltr'>consensor</span> <span class='ocrx_word' id='word_1_192' title='bbox 1055 3387 1091 3460; x_wconf 92' lang='lat' dir='ltr'>in</span> <span class='ocrx_word' id='word_1_193' title='bbox 1115 3386 1240 3462; x_wconf 82' lang='lat' dir='ltr'>talibus</span> <span class='ocrx_word' id='word_1_194' title='bbox 1263 3400 1340 3464; x_wconf 87' lang='lat' dir='ltr'>nun</span> 
     </span>
    </p>

    <p class='ocr_par' dir='ltr' id='par_1_17' title="bbox 291 3483 1340 3582">
     <span class='ocr_line' id='line_1_28' title="bbox 291 3483 1340 3582; baseline 0.002 -21"><span class='ocrx_word' id='word_1_195' title='bbox 291 3487 449 3569; x_wconf 81' lang='lat' dir='ltr'>rideatur</span> <span class='ocrx_word' id='word_1_196' title='bbox 469 3484 703 3582; x_wconf 84' lang='lat' dir='ltr'>obligatotlus</span> <span class='ocrx_word' id='word_1_197' title='bbox 723 3483 917 3561; x_wconf 86' lang='lat' dir='ltr'>secundum</span> <span class='ocrx_word' id='word_1_198' title='bbox 931 3483 1107 3581; x_wconf 81' lang='lat' dir='ltr'>legitimas</span> <span class='ocrx_word' id='word_1_199' title='bbox 1127 3486 1340 3573; x_wconf 70' lang='lat' dir='ltr'>sandiuneaa</span> 
     </span>
    </p>

    <p class='ocr_par' dir='ltr' id='par_1_18' title="bbox 288 3585 1340 3684">
     <span class='ocr_line' id='line_1_29' title="bbox 288 3585 1340 3684; baseline -0.007 -24"><span class='ocrx_word' id='word_1_200' title='bbox 288 3608 335 3660; x_wconf 88' lang='lat' dir='ltr'>oe</span> <span class='ocrx_word' id='word_1_201' title='bbox 357 3587 416 3660; x_wconf 87' lang='lat' dir='ltr'>tali</span> <span class='ocrx_word' id='word_1_202' title='bbox 432 3601 550 3660; x_wconf 87' lang='lat' dir='ltr'>tamen</span> <span class='ocrx_word' id='word_1_203' title='bbox 572 3603 745 3680; x_wconf 76' lang='lat' dir='ltr'>praetextu</span> <span class='ocrx_word' id='word_1_204' title='bbox 765 3588 857 3661; x_wconf 82' lang='lat' dir='ltr'>alam</span> <span class='ocrx_word' id='word_1_205' title='bbox 878 3591 1067 3679; x_wconf 86' lang='lat' dir='ltr'>contingat</span> <span class='ocrx_word' id='word_1_206' title='bbox 1087 3585 1244 3680; x_wconf 74' lang='lat' dir='ltr'>periuriis</span> <span class='ocrx_word' id='word_1_207' title='bbox 1255 3610 1340 3684; x_wconf 91' lang='lat' dir='ltr'>ape.</span> 
     </span>
    </p>

    <p class='ocr_par' dir='ltr' id='par_1_19' title="bbox 287 3683 1341 3782">
     <span class='ocr_line' id='line_1_30' title="bbox 287 3683 1341 3782; baseline 0.001 -22"><span class='ocrx_word' id='word_1_208' title='bbox 287 3686 375 3760; x_wconf 71' lang='lat' dir='ltr'>riri,</span> <span class='ocrx_word' id='word_1_209' title='bbox 409 3685 570 3760; x_wconf 87' lang='lat' dir='ltr'>mulieres</span> <span class='ocrx_word' id='word_1_210' title='bbox 595 3684 674 3780; x_wconf 79' lang='lat' dir='ltr'>ipsae</span> <span class='ocrx_word' id='word_1_211' title='bbox 705 3683 847 3760; x_wconf 84' lang='lat' dir='ltr'>servare·</span> <span class='ocrx_word' id='word_1_212' title='bbox 862 3683 994 3761; x_wconf 87' lang='lat' dir='ltr'>debent</span> <span class='ocrx_word' id='word_1_213' title='bbox 1020 3684 1224 3780; x_wconf 74' lang='lat' dir='ltr'>hujusmodi</span> <span class='ocrx_word' id='word_1_214' title='bbox 1244 3687 1341 3782; x_wconf 83' lang='lat' dir='ltr'>jura·</span> 
     </span>
    </p>

    <p class='ocr_par' dir='ltr' id='par_1_20' title="bbox 287 3780 1339 3880">
     <span class='ocr_line' id='line_1_31' title="bbox 287 3780 1339 3880; baseline 0.003 -21"><span class='ocrx_word' id='word_1_215' title='bbox 287 3796 434 3868; x_wconf 82' lang='lat' dir='ltr'>menta,</span> <span class='ocrx_word' id='word_1_216' title='bbox 458 3780 525 3857; x_wconf 79' lang='lat' dir='ltr'>five</span> <span class='ocrx_word' id='word_1_217' title='bbox 547 3785 602 3868; x_wconf 82' lang='lat' dir='ltr'>vi,</span> <span class='ocrx_word' id='word_1_218' title='bbox 617 3786 654 3859; x_wconf 85' lang='lat' dir='ltr'>dc</span> <span class='ocrx_word' id='word_1_219' title='bbox 677 3782 766 3860; x_wconf 89' lang='lat' dir='ltr'>dolo</span> <span class='ocrx_word' id='word_1_220' title='bbox 784 3782 910 3880; x_wconf 86' lang='lat' dir='ltr'>sponte</span> <span class='ocrx_word' id='word_1_221' title='bbox 936 3783 1108 3880; x_wconf 81' lang='lat' dir='ltr'>praestita,</span> <span class='ocrx_word' id='word_1_222' title='bbox 1132 3809 1219 3864; x_wconf 86' lang='lat' dir='ltr'>curn</span> <span class='ocrx_word' id='word_1_223' title='bbox 1237 3793 1273 3861; x_wconf 90' lang='lat' dir='ltr'>in</span> <span class='ocrx_word' id='word_1_224' title='bbox 1288 3785 1339 3862; x_wconf 86' lang='lat' dir='ltr'>al·</span> 
     </span>
    </p>

    <p class='ocr_par' dir='ltr' id='par_1_21' title="bbox 287 3881 1353 4080">
     <span class='ocr_line' id='line_1_32' title="bbox 287 3881 1353 3979; baseline -0.001 -17"><span class='ocrx_word' id='word_1_225' title='bbox 287 3886 395 3962; x_wconf 73' lang='lat' dir='ltr'>terius</span> <span class='ocrx_word' id='word_1_226' title='bbox 424 3881 668 3979; x_wconf 65' lang='lat' dir='ltr'>prejudicium</span> <span class='ocrx_word' id='word_1_227' title='bbox 697 3908 774 3959; x_wconf 93' lang='lat' dir='ltr'>non</span> <span class='ocrx_word' id='word_1_228' title='bbox 801 3884 1028 3967; x_wconf 78' lang='lat' dir='ltr'>redundent,</span> <span class='ocrx_word' id='word_1_229' title='bbox 1058 3907 1124 3962; x_wconf 86' lang='lat' dir='ltr'>uec</span> <span class='ocrx_word' id='word_1_230' title='bbox 1153 3884 1353 3962; x_wconf 79' lang='lat' dir='ltr'>observata</span> 
     </span>
     <span class='ocr_line' id='line_1_33' title="bbox 287 3981 1335 4080; baseline -0.004 -20"><span class='ocrx_word' id='word_1_231' title='bbox 287 3997 436 4077; x_wconf 84' lang='lat' dir='ltr'>vergant</span> <span class='ocrx_word' id='word_1_232' title='bbox 463 3985 500 4056; x_wconf 88' lang='lat' dir='ltr'>in</span> <span class='ocrx_word' id='word_1_233' title='bbox 524 3982 743 4080; x_wconf 83' lang='lat' dir='ltr'>dispendium</span> <span class='ocrx_word' id='word_1_234' title='bbox 769 3982 884 4060; x_wconf 82' lang='lat' dir='ltr'>salutis</span> <span class='ocrx_word' id='word_1_235' title='bbox 910 4001 1050 4061; x_wconf 76' lang='lat' dir='ltr'>aeternae</span> <span class='ocrx_word' id='word_1_236' title='bbox 1069 4039 1094 4070; x_wconf 67' lang='lat'>2,</span> <span class='ocrx_word' id='word_1_237' title='bbox 1112 4039 1151 4070; x_wconf 67' lang='lat' dir='ltr'>a..</span> <span class='ocrx_word' id='word_1_238' title='bbox 1180 3981 1233 4060; x_wconf 78' lang='lat' dir='ltr'>Ex</span> <span class='ocrx_word' id='word_1_239' title='bbox 1254 4005 1335 4077; x_wconf 87' lang='lat' dir='ltr'>quo</span> 
     </span>
    </p>

    <p class='ocr_par' dir='ltr' id='par_1_22' title="bbox 284 4081 1333 4179">
     <span class='ocr_line' id='line_1_34' title="bbox 284 4081 1333 4179; baseline 0.001 -20"><span class='ocrx_word' id='word_1_240' title='bbox 284 4083 385 4159; x_wconf 79' lang='lat' dir='ltr'>retie&#39;</span> <span class='ocrx_word' id='word_1_241' title='bbox 402 4081 581 4178; x_wconf 82' lang='lat' dir='ltr'>colligitur</span> <span class='ocrx_word' id='word_1_242' title='bbox 598 4106 617 4158; x_wconf 87' lang='lat' dir='ltr'>a</span> <span class='ocrx_word' id='word_1_243' title='bbox 640 4084 842 4167; x_wconf 88' lang='lat' dir='ltr'>contrario.</span> <span class='ocrx_word' id='word_1_244' title='bbox 866 4082 1111 4179; x_wconf 79' lang='lat' dir='ltr'>lihujusmodi</span> <span class='ocrx_word' id='word_1_245' title='bbox 1134 4082 1333 4178; x_wconf 78' lang='lat' dir='ltr'>iuramenta</span> 
     </span>
    </p>

    <p class='ocr_par' dir='ltr' id='par_1_23' title="bbox 286 4179 1336 4276">
     <span class='ocr_line' id='line_1_35' title="bbox 286 4179 1336 4276; baseline 0.002 -19"><span class='ocrx_word' id='word_1_246' title='bbox 286 4186 345 4267; x_wconf 84' lang='lat' dir='ltr'>ui,</span> <span class='ocrx_word' id='word_1_247' title='bbox 365 4183 401 4257; x_wconf 82' lang='lat' dir='ltr'>dr</span> <span class='ocrx_word' id='word_1_248' title='bbox 423 4181 512 4258; x_wconf 90' lang='lat' dir='ltr'>dolo</span> <span class='ocrx_word' id='word_1_249' title='bbox 534 4191 581 4259; x_wconf 88' lang='lat' dir='ltr'>ita</span> <span class='ocrx_word' id='word_1_250' title='bbox 601 4196 742 4256; x_wconf 86' lang='lat' dir='ltr'>extorta</span> <span class='ocrx_word' id='word_1_251' title='bbox 766 4179 918 4263; x_wconf 73' lang='lat' dir='ltr'>suerint,</span> <span class='ocrx_word' id='word_1_252' title='bbox 934 4201 974 4257; x_wconf 89' lang='lat' dir='ltr'>ur</span> <span class='ocrx_word' id='word_1_253' title='bbox 998 4180 1144 4276; x_wconf 81' lang='lat' dir='ltr'>praestita</span> <span class='ocrx_word' id='word_1_254' title='bbox 1166 4203 1241 4255; x_wconf 92' lang='lat' dir='ltr'>non</span> <span class='ocrx_word' id='word_1_255' title='bbox 1255 4179 1336 4258; x_wconf 84' lang='lat' dir='ltr'>ruil-</span> 
     </span>
    </p>

    <p class='ocr_par' dir='ltr' id='par_1_24' title="bbox 284 4274 1351 4368">
     <span class='ocr_line' id='line_1_36' title="bbox 284 4274 1351 4368; baseline -0.002 -10"><span class='ocrx_word' id='word_1_256' title='bbox 284 4283 360 4359; x_wconf 90' lang='lat' dir='ltr'>seut</span> <span class='ocrx_word' id='word_1_257' title='bbox 383 4284 445 4368; x_wconf 83' lang='lat' dir='ltr'>vi.</span> <span class='ocrx_word' id='word_1_258' title='bbox 468 4286 504 4356; x_wconf 84' lang='lat' dir='ltr'>dr</span> <span class='ocrx_word' id='word_1_259' title='bbox 526 4282 615 4356; x_wconf 93' lang='lat' dir='ltr'>dolo</span> <span class='ocrx_word' id='word_1_260' title='bbox 639 4274 872 4355; x_wconf 58' lang='lat' dir='ltr'>cessantibus,</span> <span class='ocrx_word' id='word_1_261' title='bbox 901 4278 1062 4355; x_wconf 78' lang='lat' dir='ltr'>mulieres</span> <span class='ocrx_word' id='word_1_262' title='bbox 1091 4280 1235 4357; x_wconf 86' lang='lat' dir='ltr'>illorum</span> <span class='ocrx_word' id='word_1_263' title='bbox 1258 4284 1351 4356; x_wconf 80' lang='lat' dir='ltr'>vin·-</span> 
     </span>
    </p>

    <p class='ocr_par' dir='ltr' id='par_1_25' title="bbox 284 4377 1334 4581">
     <span class='ocr_line' id='line_1_37' title="bbox 284 4377 1334 4476; baseline 0.001 -19"><span class='ocrx_word' id='word_1_264' title='bbox 284 4382 370 4457; x_wconf 89' lang='lat' dir='ltr'>culo</span> <span class='ocrx_word' id='word_1_265' title='bbox 393 4403 468 4458; x_wconf 92' lang='lat' dir='ltr'>non</span> <span class='ocrx_word' id='word_1_266' title='bbox 489 4380 612 4476; x_wconf 81' lang='lat' dir='ltr'>ligari3</span> <span class='ocrx_word' id='word_1_267' title='bbox 633 4378 721 4456; x_wconf 85' lang='lat' dir='ltr'>licut</span> <span class='ocrx_word' id='word_1_268' title='bbox 743 4399 809 4467; x_wconf 88' lang='lat' dir='ltr'>nec</span> <span class='ocrx_word' id='word_1_269' title='bbox 832 4377 1002 4463; x_wconf 87' lang='lat' dir='ltr'>illorum,</span> <span class='ocrx_word' id='word_1_270' title='bbox 1024 4386 1163 4473; x_wconf 69' lang='lat' dir='ltr'>quaem</span> <span class='ocrx_word' id='word_1_271' title='bbox 1189 4381 1334 4458; x_wconf 76' lang='lat' dir='ltr'>alteriue</span> 
     </span>
     <span class='ocr_line' id='line_1_38' title="bbox 285 4475 1333 4581; baseline -0.004 -20"><span class='ocrx_word' id='word_1_272' title='bbox 285 4480 462 4561; x_wconf 80' lang='lat' dir='ltr'>damnum</span> <span class='ocrx_word' id='word_1_273' title='bbox 486 4478 719 4570; x_wconf 81' lang='lat' dir='ltr'>redundant.</span> <span class='ocrx_word' id='word_1_274' title='bbox 744 4490 806 4558; x_wconf 84' lang='lat' dir='ltr'>aut</span> <span class='ocrx_word' id='word_1_275' title='bbox 828 4475 1009 4560; x_wconf 79' lang='lat' dir='ltr'>abiurata</span> <span class='ocrx_word' id='word_1_276' title='bbox 1037 4493 1191 4581; x_wconf 75' lang='lat' dir='ltr'>tergunt</span> <span class='ocrx_word' id='word_1_277' title='bbox 1216 4482 1253 4556; x_wconf 89' lang='lat' dir='ltr'>in</span> <span class='ocrx_word' id='word_1_278' title='bbox 1275 4478 1333 4557; x_wconf 78' lang='lat' dir='ltr'>ut·</span> 
     </span>
    </p>
   </div>
   <div class='ocr_carea' id='block_1_6' title="bbox 1065 4574 1350 4678">
    <p class='ocr_par' dir='ltr' id='par_1_26' title="bbox 1065 4574 1350 4678">
     <span class='ocr_line' id='line_1_39' title="bbox 1065 4574 1350 4678; baseline -0.07 -11"><span class='ocrx_word' id='word_1_279' title='bbox 1065 4656 1072 4667; x_wconf 91' lang='lat'><em>.</em></span> <span class='ocrx_word' id='word_1_280' title='bbox 1180 4574 1350 4678; x_wconf 40' lang='lat' dir='ltr'>spen-,1</span> 
     </span>
    </p>
   </div>
   <div class='ocr_carea' id='block_1_7' title="bbox 0 0 1900 5375">
    <p class='ocr_par' dir='ltr' id='par_1_27' title="bbox 0 0 1900 5375">
     <span class='ocr_line' id='line_1_40' title="bbox 0 0 1900 5375; baseline 0 0"><span class='ocrx_word' id='word_1_281' title='bbox 0 0 1900 5375; x_wconf 95' lang='lat' dir='ltr'> </span> 
     </span>
    </p>
   </div>
  </div>
 </body>
</html>
