3792 5375
493 551 580 654 546
670 533 830 637 Theoi,
845 537 965 651 Dog.
991 529 1202 629 &Morti
1223 531 1319 648 Lib.
1347 531 1430 636 lu.

496 715 563 791 bue
584 707 672 788 olim
699 712 749 788 rei
769 709 825 787 rei
838 708 995 788 insontes
1016 707 1434 805 criminumrndioribne
1462 709 1559 792 sem·

497 813 538 891 lia
560 813 826 908 probabuntun
854 809 1013 888 duellum
1037 813 1141 884 eriam
1156 815 1200 880 en
1218 808 1440 886 buncfinem
1464 813 1560 892 uiur-

497 931 635 1014 patum·
660 907 945 989 consuetudines
967 909 1039 985 illae
1062 931 1108 983 ex
1132 905 1419 1004 Ripuariotum,
1447 909 1558 992 Friio.

497 1037 608 1095 num,
632 1007 964 1108 Longobardorum
981 1050 994 1087 a
1009 1011 1230 1105 aliarumque
1260 1014 1450 1089 nationum
1473 1013 1559 1114 iegi-

496 1114 593 1194 bus,
619 1112 655 1188 te
680 1113 840 1186 moribus
861 1115 897 1185 in
914 1108 1046 1187 Gaiiias
1075 1111 1204 1185 ottavo
1234 1108 1351 1187 secuto
1382 1111 1559 1191 derivatae

498 1213 710 1310 Agobardus
729 1208 976 1308 Lugduneniis
993 1207 1288 1306 rirebiepiicopns
1301 1209 1407 1298 Deo,
1433 1234 1480 1290 ac
1505 1237 1561 1290 re·

498 1311 624 1413 ligioni
645 1309 826 1410 injurioiae
840 1303 907 1386 effe
928 1309 1094 1405 probauit
1118 1311 1218 1386 edito
1238 1307 1407 1390 Tratiatu
1429 1317 1558 1384 Contra

497 1408 712 1485 damnabilem
738 1411 921 1505 opinionem
940 1411 1131 1502 putantium
1156 1413 1269 1482 diurni
1279 1409 1406 1503 judieii
1424 1415 1559 1500 verite·

498 1533 567 1585 rem
580 1518 653 1606 igne
666 1566 677 1600 ‚
689 1513 745 1582 vei
769 1512 864 1604 equis
881 1557 892 1590 ‚
908 1510 964 1578 vei
978 1503 1129 1599 constitit
1141 1530 1306 1581 armorum
1322 1503 1494 1602 patelieri,

551 1609 624 1690 Has
643 1609 905 1711 superstitiones
928 1611 1108 1703 Stephanus
1130 1608 1172 1680 V·
1197 1609 1378 1687 damnavit
1401 1607 1558 1709 Epistola

496 1707 681 1794 Decrenti
707 1711 752 1787 ad
782 1707 1014 1788 Lambertum
1042 1708 1307 1808 Mogrrntinum
1335 1707 1557 1810 Episcopum

497 1814 635 1910 scripta.
663 1866 718 1905 ,,,,,
743 1807 837 1889 Ferri
859 1807 1405 1904 candentis(iequie)veiequae
1416 1811 1560 1890 ferven-

498 1915 543 1990 tis
565 1915 829 1992 examinatione
849 1909 1558 2010 confeffionemextorqueriaquotibet.

496 2005 582 2090 iucri
602 2035 677 2087 non
696 2013 907 2089 censuerunt
923 2009 1111 2090 Cononem
1137 2011 1174 2085 δι
1198 2009 1301 2110 quod
1322 2009 1387 2089 SS·
1409 2008 1559 2094 Petrum

496 2113 722 2191 documento
739 2111 907 2188 sancitum
931 2135 1007 2187 non
1030 2110 1102 2198 eit,
1132 2108 1361 2207 superstitiosa
1380 2111 1556 2188 adinten-

496 2215 597 2289 tione
619 2234 695 2286 non
718 2211 767 2286 est
789 2211 1085 2306 praesumendum.
1111 2207 1316 2307 Spontanea
1337 2214 1434 2288 eninr
1462 2233 1556 2290 con·

496 2308 642 2388 iessione
666 2364 677 2397 ,
708 2307 762 2385 vei
792 2312 932 2386 testium
955 2310 1214 2407 approbatione
1237 2309 1377 2408 publice
1401 2311 1554 2402 neritia,

495 2409 623 2488 bibito
636 2432 708 2507 prae
728 2412 841 2487 oculis
862 2405 934 2486 Dei
961 2413 1091 2487 timore
1110 2458 1121 2492 ,
1143 2407 1326 2489 commiffi
1355 2410 1436 2492 sunt
1459 2415 1554 2514 regi·

494 2511 585 2598 mini
601 2509 757 2605 judicare
776 2528 785 2597 3
804 2510 947 2587 occulta
970 2531 1056 2586 veto
1070 2565 1080 2596 .
1095 2511 1131 2585 &
1155 2512 1338 2606 incognita
1360 2512 1454 2589 illiue
1469 2512 1555 2594 sunt

495 2611 631 2788 {amneio
653 2609 874 2705 relinquendi
893 2665 904 2698 .
926 2613 988 2709 qui
1011 2608 1105 2688 solue
1128 2615 1232 2691 novit
1259 2611 1369 2691 corda
1391 2611 1550 2694 filiorum

525 2733 689 2788 nmmum
710 2755 778 2804 „„·
1462 2776 1464 2781 .

547 2809 691 2887 Easdem
713 2811 942 2908 probationes
968 2809 1150 2888 damnavit
1170 2809 1359 2883 Alexander
1372 2816 1425 2891 Il.
1447 2816 1550 2911 cnjua

493 2911 697 2995 Decretum
712 2910 878 2988 refertum
889 2912 988 2988 cauia
1002 2933 1037 2986 2·
1053 2936 1115 3006 qu.
1138 2931 1176 3003 4.
1191 2911 1229 2987 ie
1248 2918 1283 2985 S.
1295 2918 1458 3007 Gregorio
1479 2938 1552 2987 me

490 3034 558 3106 geo
594 3034 817 3109 perperama
842 3009 1016 3090 Gratiano
1048 3016 1227 3090 tribuitur·
1260 3069 1318 3107 „„
1342 3012 1548 3114 Vulgarum

493 3114 633 3206 (inquit
647 3111 665 3205 )
681 3135 721 3186 ac
741 3112 835 3188 nulla
857 3115 1029 3188 canonica
1053 3111 1241 3189 sanctione
1258 3112 1381 3192 suitam
1403 3116 1549 3215 legem.

493 3213 662 3289 inventis
688 3213 816 3289 scilicet
849 3210 919 3288 five
950 3212 1087 3310 frigidae
1109 3236 1232 3309 aquae,
1259 3216 1435 3314 ignitique
1464 3216 1548 3293 ferri

492 3312 699 3388 contuitum
711 3368 721 3398 ,
733 3312 993 3408 autcujuaiibet
1010 3315 1189 3408 popularis
1203 3316 1419 3391 inventionis
1431 3320 1448 3404 (
1460 3320 1546 3492 puin

491 3411 686 3487 fabricante
705 3411 782 3489 haec
799 3410 879 3489 sunt
902 3415 1056 3489 omnino
1075 3412 1153 3489 fieta
1170 3413 1299 3491 invidia
1312 3416 1328 3499 i
1342 3438 1409 3492 nec
1426 3417 1465 3515 ip
1479 3438 1543 3495 um

492 3511 683 3598 exbibete,
709 3534 776 3588 nec
794 3512 915 3608 aliquo
953 3512 1067 3589 modo
1093 3531 1128 3589 te
1151 3512 1318 3590 volumus
1343 3514 1543 3610 postulare,

491 3610 569 3685 imo
586 3610 788 3704 apostolica
807 3612 1013 3689 auctoritate
1025 3612 1254 3708 probibemus
1267 3610 1458 3691 firmiss'rme
1477 3661 1544 3708 „„.

490 3706 611 3786 Piurea
647 3710 816 3805 Epistulas
850 3712 1011 3790 adversus
1036 3735 1164 3807 praroe
1192 3713 1273 3789 iilos
1305 3717 1383 3792 uiua
1411 3713 1546 3817 scripit

489 3808 624 3887 santius
646 3808 838 3908 Episcopus
860 3810 941 3889 Yvo
968 3812 1220 3899 Carnoteniis.
1249 3814 1543 3912 septuagesimam

490 3910 964 4007 quartam‚ducentesrmam
987 3915 1172 4011 quintam,
1199 3914 1236 3990 tc
1261 3914 1545 3993 ducentesimam

490 4007 818 4111 quinquagesimam
830 4007 1546 4111 secundamLudoticusPiunimperator

489 4131 537 4186 err
555 4130 710 4206 quatuor
729 4113 962 4212 synodorum
987 4140 1085 4192 anno
1101 4130 1186 4209 229·
1202 4114 1368 4211 juiiusuo
1384 4116 1544 4195 ceiebru·

489 4223 606 4289 tarum
638 4213 816 4289 sententia.
856 4214 1086 4313 Mogontinae
1112 4214 1159 4292 sc.
1193 4214 1386 4293 Parisreniie
1407 4264 1420 4301 ‚
1439 4212 1546 4315 Lug·

489 4308 673 4397 uenenis.
694 4314 732 4389 δι
754 4312 964 4399 Tolosam,
981 4321 1231 4412 probationem
1254 4340 1317 4415 per
1337 4340 1468 4414 aquarn
1483 4317 1546 4393 iri·

489 4412 610 4500 gidam
638 4408 710 4486 fieri
734 4414 920 4509 probibuit
936 4417 1017 4514 lege
1039 4419 1129 4496 iate,
1146 4438 1227 4513 quae
1249 4419 1284 4492 in
1302 4418 1377 4509 ejus
1405 4420 1548 4514 capitu·

486 4504 550 4586 iari
570 4508 721 4597 babetur
739 4512 796 4589 iria
818 4517 956 4604 verbiea
975 4569 1000 4612 „
1018 4514 1068 4594 Ut
1083 4535 1234 4596 emtum
1249 4539 1350 4617 aquae
1378 4514 1543 4697 ῐήςῑὲὶι,

732 4654 735 4669 ·
1341 4639 1456 4717 ‚quo
