3792 5375
571 524 575 531 ’
622 536 692 631 De
719 539 974 634 Virtutibus.
1022 606 1030 622 .
1230 549 1232 560 '
1336 557 1393 645 u

334 709 440 798 dum·
469 710 654 812 Quocirca
690 710 852 782 Mulieres
888 702 1051 800 verbosa,
1081 711 1188 801 otiose
1207 768 1218 801 ,
1239 711 1391 803 curiosa,

338 835 420 914 quo
442 816 670 894 circumeunt
688 811 816 893 alienae
838 813 993 894 domm,
1010 827 1051 893 ut
1063 813 1214 892 aliorum
1235 813 1321 892 fana
1337 817 1393 891 in·

339 917 482 1012 quirent
496 964 505 989 .
520 912 685 1007 soquentes
707 936 775 1008 que
796 936 857 983 non
883 931 1012 1006 oportet
1030 966 1042 1000 ,
1062 912 1254 1014 Apostolus
1272 935 1391 1011 repre·
1406 962 1590 1046 cuffiam

336 1011 463 1098 itendit
486 1035 517 1085 1·
534 1014 580 1088 ad
592 1012 739 1087 Timeri.
754 1033 787 1103 5.
810 1012 893 1091 vers·
916 1010 1091 1106 13.Quid
1107 1013 1189 1090 maii
1209 1014 1390 1091 curioirtar
1404 1043 1526 1114 mum
1561 1071 1565 1077 -

336 1114 418 1188 Eva
438 1111 618 1202 intulerit,
635 1136 786 1212 pontum
810 1112 1002 1210 pulchrum
1016 1114 1087 1191 visu
1107 1110 1389 1201 considerantis.

333 1231 468 1299 notum
482 1212 554 1302 τῆς
569 1216 655 1310 quid
680 1216 762 1291 mali
785 1212 967 1291 curiositas
990 1210 1097 1296 Dinae
1113 1212 1191 1292 fisiae
1209 1210 1324 1309 Jacob
1345 1212 1392 1292 ad

335 1312 509 1394 videndas
526 1312 737 1410 alienigenas
758 1314 921 1391 mulieres
947 1311 1111 1410 egressas
1137 1317 1225 1415 quid
1245 1310 1392 1391 curios·

337 1426 392 1506 tas
417 1415 561 1484 Divitis
576 1415 612 1489 in
640 1412 767 1491 solatio
790 1413 1066 1507 deambulantis,
1090 1416 1127 1491 ἃ
1144 1415 1329 1495 mulierem
1357 1411 1393 1493 se

336 1512 516 1595 lavantem
537 1513 798 1608 conspicientis·
824 1513 923 1611 Lege
952 1519 982 1583 S·
999 1514 1110 1606 Jotn.
1138 1512 1392 1606 chrysostomum

336 1609 496 1691 Humilia
513 1636 547 1701 r,
559 1620 596 1690 in
610 1610 730 1697 Psalm.
748 1636 803 1705 50.
827 1618 864 1691 δι
884 1620 916 1690 S.
933 1617 1138 1689 Berntrdunt
1163 1618 1199 1691 in
1221 1613 1390 1695 Trattatu

339 1714 396 1786 De
408 1710 573 1793 Grudibur
586 1717 805 1795 Humiiitatit
818 1737 866 1814 ,p
898 1732 931 1792 2.
945 1737 1022 1813 cap.
1053 1739 1108 1798 10·
1124 1712 1180 1793 De
1203 1714 1278 1793 hoc
1298 1715 1389 1790 vitio

337 1818 373 1885 S.
386 1810 584 1906 Augustinus
606 1816 691 1898 ‚iib.
710 1838 764 1900 ro.
787 1812 1039 1913 Conftffionum,
1059 1838 1139 1913 cap·
1166 1832 1226 1912 35·
1248 1814 1384 1895 scribit&

336 1968 393 2008 „‚,
410 1911 539 2000 Ftaetet
557 1938 635 1993 eam
649 1916 973 2014 concupiscentiam
995 1918 1225 2011 carnis,·quae
1247 1914 1333 1989 inest
1347 1915 1386 1989 in
1450 1915 1456 1946 ·’
1577 1905 1586 2002 ff

336 2013 571 2092 delectatione
589 2019 754 2092 omnium
780 2014 939 2091 sensuum
961 2070 971 2100 ,
995 2019 1030 2091 u
1054 2015 1309 2113 voluptatum,
1327 2016 1386 2094 cui
1576 2007 1584 2022 '

335 2112 524 2191 servientes
547 2116 834 2214 depereuntmui
855 2115 967 2212 longe
994 2113 1030 2199 se¹
1054 2114 1187 2193 iaciunt
1210 2139 1230 2192 a
1253 2128 1313 2201 te,
1333 2116 1388 2188 in.

334 2214 387 2298 est
408 2218 536 2298 animo
562 2240 624 2312 per
651 2214 794 2296 eosdem
818 2214 930 2293 sensus
949 2216 1110 2311 corporis
1134 2214 1294 2313 quadam
1309 2235 1386 2291 nou

332 2312 368 2391 se
389 2313 591 2400 obleiiandi
613 2318 649 2393 in
672 2338 778 2394 carne
799 2364 810 2400 ,
835 2314 893 2392 sed
918 2314 1123 2412 experiendi
1157 2339 1220 2414 per
1244 2336 1388 2391 carnem

333 2436 451 2498 vena.
471 2416 653 2494 &curiosa
673 2417 872 2512 cupiditas,
898 2418 1047 2491 nomine
1077 2418 1294 2512 cognitionis
1316 2464 1326 2496 ‚
1349 2414 1387 2490 δι
1461 2451 1465 2456 ·

334 2513 486 2591 scientiae
505 2515 653 2610 palliata.
682 2513 982 2614 Quae,quoniarn
1001 2517 1035 2594 in
1055 2520 1216 2613 appetitu
1239 2514 1387 2591 noscen-

334 2612 372 2691 di
391 2615 462 2701 est,
485 2616 582 2693 oculi
601 2632 719 2695 autem
745 2616 824 2695 sunt
849 2616 892 2692 ad
911 2616 1204 2712 cognoscendum
1230 2618 1267 2693 in
1283 2612 1385 2692 sensi·

334 2715 401 2791 but
433 2720 645 2813 principes,
677 2717 964 2815 concupiscentia
1005 2717 1197 2794 ucuiotunr
1235 2717 1384 2814 eloquio

333 2814 457 2891 divino
484 2815 657 2912 appellata
680 2818 786 2899 est...
808 2815 861 2893 Ex
886 2816 958 2894 hoc
982 2833 1100 2893 autern
1121 2820 1317 2894 evidentius
1331 2814 1384 2888 di·

332 2913 523 3001 introitur,
551 2918 637 3012 quid
661 2916 851 3011 voluptatis
877 2915 994 3012 ‚quid
1021 2915 1230 2994 curiositatis
1258 2930 1385 3012 agatur

333 3014 529 3108 persensus
554 3038 564 3098 ε
588 3018 686 3112 quod
710 3018 874 3111 voluptas
903 3017 1050 3114 pulchra
1075 3072 1085 3102 ,
1117 3038 1278 3100 canora,
1307 3014 1383 3088 sua·

333 3117 414 3197 via,
436 3113 547 3210 sapida
572 3117 691 3202 ,lenia
718 3116 889 3194 sectatur?
907 3115 1100 3210 'Curiosrtas
1127 3132 1246 3191 autern
1273 3116 1383 3190 etiam

331 3211 394 3299 hic
407 3221 583 3292 contraria
603 3217 761 3292 tentandi
775 3218 893 3303 causa,
910 3241 986 3290 non
1008 3216 1052 3300 ad
1070 3215 1286 3291 subeundam
1301 3235 1384 3286 nro·

328 3313 492 3400 lesiiam,
516 3315 574 3392 sed
598 3304 825 3414 experiendi,
846 3318 1074 3414 nocendique
1096 3312 1251 3390 libidine.
1281 3313 1382 3411 Quid

328 3420 425 3493 enim
454 3415 646 3513 voluptatis
685 3417 790 3495 habet
820 3420 938 3492 videre
972 3420 1007 3491 in
1033 3415 1164 3495 laniato
1186 3413 1382 3504 cadavere,

330 3515 432 3612 quud
451 3514 666 3609 exhorreat?
684 3521 719 3593 &
732 3537 852 3595 tamen
870 3517 977 3592 srcubi
991 3517 1103 3610 jaceat
1116 3563 1124 3594 ‚
1137 3531 1383 3599 concurrunt·

329 3629 374 3694 ut
398 3617 650 3695 contristentur
667 3672 677 3703 .
695 3634 737 3695 ut
764 3617 930 3718 polleant.
960 3615 1106 3691 Timent
1123 3618 1248 3704 etiam,
1269 3641 1314 3701 ne
1340 3620 1380 3692 in

332 3713 463 3792 somnis
482 3715 555 3793 hoc
580 3719 750 3811 videant3
776 3717 870 3816 quast
896 3717 1084 3815 quisquam
1109 3740 1171 3792 eoa
1198 3719 1383 3813 vigilanten

331 3815 450 3890 videre
467 3823 647 3910 coegerit,
665 3837 727 3894 aut
749 3817 1020 3917 pulchritudinis
1040 3818 1109 3894 ulla
1130 3817 1222 3897 fama
1243 3816 1383 3914 persua,

332 3912 421 3994 serit
449 3914 501 3993 lta
529 3919 783 3994 &incaeteris
811 3916 984 4000 sensibus,
1009 3939 1088 4011 quae
1111 3917 1270 4011 persequi
1304 3914 1385 3990 lon·

330 4036 422 4110 gum
437 4016 495 4105 esi
525 4013 577 4092 Ex
592 4017 665 4094 hoc
682 4022 817 4094 morbo
838 4021 1039 4116 cupiditatis
1058 4021 1093 4092 in
1111 4014 1310 4112 spectaculis
1322 4035 1388 4093 ert·

329 4113 500 4194 hibentur
526 4140 676 4215 quaque
700 4118 878 4196 miracula.
904 4117 1001 4194 Hinc
1026 4116 1070 4192 ad
1101 4117 1387 4213 perscrutandam

329 4231 467 4294 naturae
498 4218 609 4312 (quae
635 4232 760 4316 ptaeter
787 4243 853 4294 nos
886 4212 966 4302 eii)
1002 4232 1126 4310 operta
1152 4214 1385 4313 proceditur¹

328 4335 411 4412 quat
438 4316 525 4394 scite
545 4316 631 4391 nihil
659 4318 829 4416 prodest,
852 4321 888 4393 δι
915 4317 1000 4391 nihii
1021 4314 1140 4398 atiud,
1158 4338 1266 4415 quarn
1303 4314 1391 4401 scita

327 4410 496 4495 homines
518 4418 680 4509 cupiunt.
723 4414 819 4496 Hinc
844 4421 952 4495 etiam
987 4414 1009 4490 ir
1033 4416 1122 4514 quid
1152 4415 1280 4498 eodem
1309 4448 1393 4519 per.

327 4514 434 4599 verso
452 4514 689 4604 scientiaiina
711 4537 879 4696 pergeret
909 4518 1061 4618 magicas
1084 4521 1262 4620 queritur.
1292 4521 1393 4610 Hine

792 4700 795 4703 ,
835 4633 855 4712 3
1232 4626 1340 4703 etiam
