3792 5375
361 557 370 582 “
438 597 440 602 ·
484 547 555 644 De
582 531 707 642 t‘ertlo
728 547 934 667 Decaiogi
958 469 1189 670 praeopto:
1222 594 1225 602 ·
1304 567 1393 663 689

383 720 482 802 Idem
502 722 694 801 confirmat
714 672 1148 825 Synodusltngonenuiz
1168 770 1225 809 ‚„,
1254 720 1388 802 Homi.
1457 718 1461 730 '
1491 709 1493 716 ’

334 843 397 928 nes
420 818 583 920 (iuquit)
602 825 780 921 utriusque
796 826 896 901 sexus
915 829 950 901 iu
969 825 1060 902 lestis
1076 826 1207 899 debent
1224 821 1291 899 else
1306 847 1387 918 pu.

333 931 463 1002 timum
481 928 606 1001 intenti
625 926 771 1002 divinis,
788 940 874 1024 puta
888 927 1048 1007 orando,
1066 921 1290 1000 ecclesiastica
1305 921 1385 999 offi-

334 1023 408 1102 da·
431 1024 467 1099 &
491 1027 628 1106 divina,
645 1048 687 1100 ac
705 1025 883 1100 sermones
906 1028 1001 1100 verbi
1028 1021 1097 1100 Dei
1118 1024 1319 1110 audiendo,
1336 1024 1384 1099 de

332 1110 439 1211 Deo,
456 1125 492 1198 dc
517 1123 649 1201 Sandis
677 1120 875 1223 loq'uenna
914 1122 958 1201 Et
980 1140 1020 1199 ut
1045 1125 1098 1199 hie
1123 1121 1227 1198 'rebus
1256 1125 1382 1200 melio·
1516 1169 1518 1174 ·

332 1220 463 1319 pollillt
492 1226 702 1310 intendere,
728 1226 859 1300 debent
886 1226 1055 1326 abilinere
1076 1228 1120 1298 ab
1141 1226 1242 1320 omni
1261 1243 1382 1321 ⁸opere
1497 1250 1499 1255 ·

331 1322 441 1398 servili
457 1329 520 1416 ,dp
546 1321 754 1417 potilfimea
776 1340 950 1420 peccato;
973 1329 1055 1421 quia
1070 1326 1214 1417 gravius
1233 1340 1380 1417 peccat.
1558 1397 1564 1416 ,

332 1425 395 1520 qui
415 1440 539 1518 peccat
556 1427 591 1498 in
607 1424 724 1508 lello,
749 1422 1008 1519 putafutatut,
1033 1424 1248 1525 fornicatur.
1273 1445 1383 1519 quarn
1430 1471 1434 1480 ·

331 1524 394 1620 qui
415 1527 451 1598 iu
469 1521 542 1597 aliie
561 1526 683 1598 diebus
709 1523 781 1599 hoc
808 1523 892 1599 iacit
915 1574 940 1610 ‚‚
956 1562 995 1605 n·
1462 1607 1466 1614 ,

346 1671 355 1684 -
383 1620 427 1698 lit
452 1623 618 1721 Synodus
636 1620 861 1699 eboracensis
888 1646 986 1700 anno
1010 1633 1114 1716 1576.
1147 1672 1172 1708 ‚‚
1190 1631 1215 1709 ,l
1248 1617 1387 1698 collare

333 1745 419 1798 aero
443 1741 589 1817 oportet
611 1721 850 1800 Christianum
869 1724 908 1800 br
928 1725 987 1799 die
1011 1721 1099 1799 fello
1122 1726 1278 1796 maxime
1301 1726 1387 1796 avi·

332 1826 412 1906 tiis,
438 1824 650 1918 &peccatis
671 1846 682 1916 3
708 1830 881 1917 quoniam
910 1822 1035 1900 servire
1059 1821 1165 1899 debet
1193 1819 1304 1907 Deo,
1327 1821 1385 1897 cui

334 1920 492 2018 displicet
515 1945 625 1996 omne
649 1941 835 2017 peccatum
860 1976 884 2006 .‚
902 1966 940 2009 „.
1630 2001 1632 2006 ,

383 2020 552 2098 Eamdma
579 2019 754 2116 Regulam
788 2020 979 2098 confirmat
1011 2024 1046 2103 S.
1066 2018 1254 2095 Antoninus
1283 2035 1318 2092 a
1344 2040 1381 2116 p.
1396 2008 1504 2078 Tribn·
1516 2033 1579 2086 ne

333 2121 387 2197 til.
407 2143 442 2209 9·
470 2144 504 2196 c.
520 2137 556 2217 7·
582 2128 667 2213 M.
696 2163 756 2207 ,ω
783 2118 921 2199 Festum
946 2119 1114 2217 (inquit)
1142 2121 1320 2205 violatur,
1345 2090 1580 2246 &ffiffli'g'ffl

333 2219 424 2296 male
444 2220 640 2297 celebratur
664 2244 711 2297 ex
739 2223 867 2317 triplici
889 2224 1124 2319 negligentia,
1142 2220 1199 2299 len
1232 2220 1378 2298 deletio.
1394 2243 1529 2310 violatur.

332 2318 477 2397 Primus
495 2324 575 2418 quia
603 2343 678 2397 non
705 2338 848 2398 cavetur
877 2345 895 2398 a
917 2323 1108 2399 det'etltbua
1131 2321 1380 2410 criminalibus.

333 2419 503 2498 Secundo
523 2473 534 2506 ,
558 2424 639 2515 quia
660 2445 735 2496 uon
760 2422 951 2499 inhaeretur
980 2422 1112 2499 artibus
1138 2420 1384 2520 spiritualibus.

331 2518 459 2597 Tertio
475 2573 486 2607 ,
504 2524 592 2618 quia.
607 2544 683 2603 non
700 2523 891 2599 abstinetur
908 2529 952 2599 ab
970 2526 1137 2620 operibus
1153 2518 1384 2599 manualibus.
1524 2596 1539 2620 ,Ι

332 2619 523 2715 Quantum
558 2616 601 2696 ad
624 2626 802 2717 primurn,
824 2624 930 2697 debet
955 2628 1034 2716 quit
1058 2623 1228 2699 abstinere
1255 2647 1272 2698 a
1300 2645 1384 2718 pec·
1511 2675 1513 2679 -
1538 2623 1540 2628 ’

325 2724 439 2831 paris,
466 2723 620 2797 matrinae
641 2720 764 2798 diebus
787 2720 936 2804 festivis,
956 2727 1037 2818 quia
1061 2723 1139 2818 plus
1160 2723 1290 2797 habeut
1316 2725 1383 2801 iut-

332 2819 454 2919 pedire
478 2836 635 2896 mentem
652 2869 661 2901 ,
681 2819 705 2893 fi
729 2816 888 2895 mortalia
913 2820 1015 2904 lunt,
1043 2843 1062 2894 a
1089 2824 1248 2895 vacando
1274 2810 1380 2905 Deo.

333 2942 440 3019 quam
464 2943 571 3018 opera
592 2919 787 3013 manualia„
801 2916 905 2994 Unde
923 2921 1050 2996 dicitur
1069 2924 1151 2991 lev.
1170 2937 1227 3006 23·
1251 2921 1295 2994 de
1310 2920 1383 2994 l'ab·

332 3020 419 3097 bato
432 3072 442 3104 .
456 3023 521 3096 'cui
544 3019 736 3095 succedunt
751 3018 830 3095 festa
850 3017 1029 3096 Eccleliae:
1048 3025 1147 3090 Omne
1166 3043 1240 3105 opus
1260 3008 1381 3101 [crude

332 3143 394 3193 aon
408 3115 544 3210 facietis
565 3119 599 3188 in
613 3141 661 3200 eo.
695 3118 763 3194 Sed
782 3141 874 3214 opus
896 3119 1016 3196 servile
1029 3120 1303 3218 estpeccatum3
1326 3118 1381 3191 di·

330 3222 383 3298 cit
405 3223 500 3296 enim
522 3217 700 3302 Christllt.
720 3214 869 3314 joan-8.
899 3220 1009 3288 Omnis
1032 3223 1089 3313 qui
1106 3217 1193 3307 fucit
1214 3239 1383 3311 peccatam
1421 3240 1424 3251 ·
1628 3302 1631 3307 Ι

307 3318 443 3414 ,servus
464 3315 508 3399 eii
524 3326 700 3412 peccati...
728 3317 914 3396 Peccatum
933 3341 1022 3418 ergo
1045 3319 1194 3395 mortale
1216 3318 1384 3394 commis·
1485 3321 1487 3324 ⁴

331 3422 408 3498 ium
443 3420 500 3497 die
525 3419 639 3495 festo,
668 3418 717 3495 est
741 3419 856 3495 multo
882 3426 1053 3513 gravina,
1083 3441 1190 3514 quam
1220 3418 1284 3492 alia
1310 3418 1379 3493 die.

332 3517 429 3596 Nam
448 3522 538 3598 ultra
568 3522 748 3616 propriam
769 3518 1054 3606 deformitatem,
1072 3537 1178 3614 puta,
1197 3516 1303 3602 furti,
1324 3515 1381 3593 vrl

332 3617 601 3706 fornicatiouis,
627 3619 733 3697 habet
751 3615 933 3713 specialem
966 3618 1228 3696 deformitatem
1250 3640 1295 3694 ex
1322 3617 1380 3695 illa

332 3718 590 3795 circumstantia
615 3723 799 3814 temporis
827 3719 910 3795 sacri
930 3766 942 3804 ‚
966 3743 1037 3818 qua
1059 3718 1183 3797 testum
1215 3716 1380 3795 violatur.

333 3814 441 3895 Unde
466 3816 563 3902 talis.
582 3831 622 3894 ut
642 3818 727 3895 dicit
753 3819 919 3891 Nicolaus
936 3825 974 3890 de
998 3825 1088 3894 Lara
1107 3867 1116 3896 ‚
1138 3819 1237 3913 supet
1260 3814 1379 3894 Exodi

333 3933 480 4011 capno.
504 3938 580 3993 non
607 3916 719 3992 lulum
740 3920 815 4016 agit
841 3937 967 3997 contra
994 3941 1110 3998 unum
1137 3935 1377 4013 praeceptum·

332 4016 482 4097 scilicet:
512 4016 596 4088 Non
617 4012 842 4095 mechaberis,
864 4038 926 4096 aut
948 4020 1032 4099 illud
1052 4071 1063 4099 ,
1086 4013 1315 4107 Nnnfurtuur
1326 4011 1382 4101 fa.

334 4124 425 4212 cier;
447 4116 503 4195 sed
531 4117 637 4196 etiam
659 4130 788 4197 contra
810 4116 897 4195 illud
931 4121 977 4197 de
1000 4114 1269 4198 saudfficatione
1296 4115 1382 4192 Sab-
1503 4164 1505 4169 -

336 4220 409 4299 bati
433 4263 500 4311 „‚,·
551 4258 556 4263 ·
655 4244 661 4255 ’

801 4504 947 4629 §ixa
1225 4505 1367 4601 Ru·
