3792 5375
1128 529 1313 641 ’ῃο
1488 517 1807 623 Theoi.
1839 527 2074 639 Dog.
2129 521 2218 616 δι
2243 517 2550 622 Metal.
2591 524 2779 620 Lib.
2833 509 2988 620 IV.

1139 695 1227 779 lis
1266 697 1614 798 obligatio
1648 701 1872 776 robur
1900 716 2050 775 non
2094 696 2347 774 habeat
2367 749 2394 784 ,
2417 696 2797 795 dupliciter
2823 698 3059 792 potest
3077 715 3266 784 cuna

1120 807 1633 898 ·tingere;uno
1679 799 1971 896 quidem
2021 797 2579 894 modo-propter
2625 797 2977 875 defectum
3030 803 3254 876 ratio-

1137 905 1249 978 nis
1292 900 1468 977 ficut
1510 907 1704 997 patet
1754 902 1830 974 in
1880 895 2198 982 Furiofis,
2227 901 2300 971 δι
2325 898 2724 973 amentibus
2750 951 2770 981 ‚
2796 903 2919 994 qui
2966 898 3030 971 se
3063 915 3249 991 yoto

1138 1021 1294 1077 non
1333 995 1622 1096 potsunt
1675 999 1997 1095 obligare
2038 996 2130 1072 ad
2177 994 2446 1094 aliquid
2470 1052 2491 1081 ,
2522 998 2700 1074 dum
2733 996 3193 1075 suntinfuria
3221 1041 3248 1086 s

1136 1099 1260 1177 vel
1301 1101 1605 1175 amentia
1632 1098 1815 1188 ;aiio
1860 1094 2089 1174 modo
2117 1139 2142 1182 s
2176 1100 2339 1192 quia
2375 1097 2529 1180 ille.
2567 1100 2691 1195 qui
2721 1114 2980 1183 vovet.
3025 1099 3124 1176 est
3149 1099 3256 1175 al-

1138 1201 1359 1278 terius
1407 1198 1731 1297 potestati
1774 1195 2143 1297 subjectus·
2201 1193 2288 1272 Et
2333 1196 2456 1272 ista
2491 1195 2642 1270 duo
2687 1215 3133 1274 concurrunt
3175 1193 3254 1276 iii

1138 1301 1376 1397 pueris
1418 1312 1584 1374 ante
1626 1313 1854 1372 annos
1909 1295 2341 1393 pubertatis,
2376 1300 2542 1392 quia
2585 1296 2658 1370 ἃ.
2715 1300 3078 1393 patiuntur
3137 1319 3249 1374 ra*

1141 1402 1359 1474 tionis
1386 1394 1739 1476 defectum
1764 1451 1786 1483 ‚
1820 1398 1997 1473 utin
2028 1394 2348 1490 pluribus
2374 1417 2396 1475 3
2421 1389 2495 1470 ἃ
2517 1395 2674 1472 sunt
2701 1397 3103 1473 naturaiiter
3122 1396 3252 1475 sub

1136 1520 1311 1575 cura
1354 1512 1727 1593 parentum
1748 1549 1772 1583 ,
1800 1493 1913 1572 vel
1933 1511 2262 1572 tutorum
2292 1540 2314 1573 ,
2337 1495 2638 1593 quisunt
2662 1499 2758 1571 eis
2792 1494 2963 1573 ioco
2993 1519 3246 1594 paren·

1138 1605 1352 1691 tum3
1411 1596 1483 1672 δι
1529 1597 1695 1672 ideo
1755 1618 2009 1671 eorum
2062 1610 2232 1671 vota
2284 1615 2378 1670 ex
2421 1594 2691 1691 duplici
2755 1595 2955 1673 causa
3020 1603 3250 1674 robut·

1136 1715 1296 1773 non
1347 1695 1633 1771 habent.
1704 1692 2092 1792 Contingit
2165 1711 2402 1770 tamen
2471 1709 2767 1791 propter
2811 1706 3080 1772 natura
3139 1696 3251 1774 di·

1140 1792 1647 1893 (pontionem,
1698 1818 1860 1894 quae
1903 1793 2177 1892 legibus
2218 1795 2545 1870 humanis
2586 1816 2735 1871 non
2792 1796 3248 1879 subditunin

1139 1895 1715 1996 aliquibusdicet
1765 1897 2050 1989 paucis,
2099 1896 2463 1971 accelerari
2505 1897 2792 1970 rationis
2835 1894 3035 1972 usum
3074 1942 3093 1974 ,
3120 1899 3251 1993 qui

1136 1999 1242 2073 ob
1268 1997 1413 2073 boc
1441 1995 1778 2074 dicuutur
1803 1993 1953 2072 doli
1973 2015 2280 2091 capaces.
2313 1991 2390 2069 N
2393 2018 2472 2070 ec
2499 2010 2734 2069 tamen
2762 2013 3059 2093 propter
3094 1995 3247 2074 hoo

1138 2097 1216 2172 in
1263 2095 1507 2191 aliquo
1577 2099 1994 2171 eximuntur
2035 2116 2075 2169 a
2121 2116 2288 2171 cura
2338 2103 2712 2189 parentum
2745 2140 2771 2186 ,
2818 2116 2978 2192 quae
3022 2095 3249 2192 subja-

1134 2210 1257 2272 cet
1301 2195 1441 2292 legi
1489 2189 1862 2280 humanat,
1911 2191 2300 2290 respicienti
2339 2192 2427 2268 ad
2477 2193 2592 2278 id,
2649 2193 2852 2289 quod
2911 2196 3246 2293 frequen-

1137 2298 1279 2371 tius
1336 2293 1618 2371 accidit.
1675 2291 1790 2369 Est
1822 2315 2001 2391 ergo
2038 2292 2464 2377 dicendum.
2513 2295 2714 2392 quod
2763 2291 2810 2368 fi
2854 2316 3029 2388 puer
3064 2341 3085 2375 ‚
3128 2292 3241 2373 vei

1137 2391 1375 2492 puelia
1427 2409 1590 2470 ante
1636 2395 2022 2492 pubertatis
2057 2415 2285 2469 annos
2345 2398 2700 2470 nondum·
2736 2391 2989 2470 habeat
3036 2392 3240 2472 usum

1134 2495 1479 2587 tationis..
1548 2492 1748 2570 nulio
1776 2492 2009 2569 modo
2055 2492 2288 2588 potest
2335 2492 2422 2568 ad
2469 2493 2732 2591 aliquid
2763 2492 2833 2570 se
2878 2508 3059 2572 voto
3102 2499 3241 2571 ob-

1138 2591 1378 2689 ligare.
1434 2591 1505 2669 Si
1549 2615 1724 2669 vero
1777 2603 1945 2669 ante
1997 2594 2383 2689 pubertatis
2452 2611 2679 2669 annos
2744 2597 2979 2690 attigit
3036 2594 3239 2672 usum

1084 2694 1425 2799 „rationis
1465 2748 1488 2779 ,
1552 2692 1786 2792 potest
1838 2693 2130 2790 quidem
2180 2741 2201 2771 2
2255 2711 2608 2791 quantum
2662 2697 2732 2770 in·
2787 2693 2938 2793 ipso
2992 2696 3134 2775 cst,
3173 2701 3240 2772 se·

1134 2792 1514 2891 obligare3
1566 2790 1685 2870 sed
1723 2808 1978 2871 votum
2035 2794 2184 2889 ejus
2238 2792 2472 2889 potest
2509 2797 2756 2870 irritari
2820 2818 2941 2890 per
2986 2819 3237 2894 paren·

1131 2906 1285 2975 tes,
1325 2915 1637 2990 quorum
1687 2914 1874 2971 curae
1938 2907 2251 2969 remanet
2290 2895 2528 2971 adhuc
2562 2894 2924 2989 subiectus.
2983 2895 3237 2990 Quan-

1130 3002 1586 3088 tumcunque
1625 3007 1864 3070 tamen
1896 2990 1977 3068 iit
2009 2991 2159 3068 doli
2197 3014 2470 3088 capax,
2518 3011 2683 3070 ante
2714 3019 2940 3072 anuos
2976 2998 3236 3094 puber·

1128 3095 1290 3169 tatis
1352 3115 1506 3168 non
1582 3093 1813 3187 potest
1864 3092 2167 3189 obligari
2224 3110 2404 3170 voto
2451 3092 2744 3170 solemni
2807 3096 3165 3192 religionis
3202 3150 3229 3184 ,

1124 3208 1429 3289 propter
1472 3191 1787 3271 Ecclefiae
1835 3191 2172 3269 statutum
2209 3248 2230 3278 ‚
2283 3194 2484 3287 quod
2532 3194 2805 3290 respicit
2850 3196 2970 3276 id,
3023 3196 3228 3290 quod

1126 3295 1202 3367 in
1254 3295 1566 3399 pluribus
1598 3295 1874 3367 accidit*
1942 3290 2103 3367 Post
2131 3319 2355 3367 anuos
2379 3311 2611 3367 autern
2651 3299 3027 3387 pubertatis
3059 3295 3219 3387 pun
