3792 5375
503 526 599 642 t4⁶
689 509 849 606 Theoi.
863 509 982 625 θος.
1002 497 1215 601 &Moral
1241 499 1415 610 Libuit
1444 539 1447 558 ·

801 679 889 774 RE
916 677 1012 766 GU
1034 674 1066 757 L
1093 678 1124 759 A
1174 673 1265 778 Xl·

509 846 588 946 Qui
608 841 759 940 secunda
779 813 971 928 rusellinae
990 835 1136 925 violarit
1151 837 1347 934 jejunium,
1361 839 1469 929 toties
1489 851 1580 939 pau.

503 981 506 992 ·
651 970 732 1026 care
749 945 915 1042 videtur,
938 942 1080 1041 quoties
1103 940 1226 1039 pollea
1251 944 1424 1030 comedit.
1519 987 1523 994 ,

447 1072 467 1120 ⁰
510 1106 780 1272 Praeceptuna
801 1123 958 1200 namque
980 1099 1102 1197 jejunii
1123 1095 1184 1195 etii
1210 1098 1368 1180 rideatur
1388 1094 1579 1184 affirmati.

601 1230 709 1302 vum,
726 1204 848 1304 quoad
874 1201 1031 1295 formant
1059 1200 1254 1289 verborum
1283 1197 1355 1304 (iat
1382 1200 1575 1295 loquimur

506 1309 546 1386 in
570 1303 726 1401 scholis)
752 1308 788 1382 in
811 1305 845 1382 ie
864 1317 986 1381 tamen
1005 1304 1169 1383 continet
1192 1297 1286 1379 hanc
1308 1303 1569 1400 negationem,

503 1405 625 1505 plures
655 1405 860 1498 refestiooea
890 1425 967 1480 uon
992 1400 1128 1496 sumen
1154 1400 1219 1482 alia
1244 1424 1357 1499 porro
1388 1420 1571 1504 praecepta

502 1503 1571 1704 {militisine”titiiil‘llrilliii‘aii

502 1705 712 1804 tieicuoque
727 1709 885 1802 iterator.
914 1703 990 1783 Pati
1009 1726 1100 1802 ergo
1121 1703 1259 1794 ratione
1281 1707 1570 1802 praceptumje·

500 1805 591 1900 iunii
625 1808 759 1892 violare
789 1805 986 1885 ueniendua
1002 1804 1053 1890 eil
1066 1859 1078 1893 .
1099 1825 1176 1882 nou
1199 1799 1339 1892 solum.
1383 1808 1420 1883 ui
1440 1804 1569 1892 secuu-

499 1904 604 1992 dum.
621 1906 683 1988 sed
702 1911 809 1992 etiam
822 1909 915 2016 ‚qui
929 1907 1068 1990 tertium
1087 1945 1099 1980 ι
1115 1921 1304 2004 quartam,
1320 1826 1382 1992 rel
1397 1906 1566 2005 quintam

496 2005 731 2096 reieiiiuuem
753 2010 882 2098 sumit,
899 2008 937 2086 dr
959 2009 1065 2102 toties
1087 2001 1216 2106 lethale
1238 2020 1427 2100 peecatum
1453 2028 1564 2088 com.

357 2157 361 2168 ·
496 2109 630 2212 mittit.
658 2112 800 2210 quoties
822 2107 1053 2200 refedionem
1076 2108 1190 2186 iterat·
1212 2101 1303 2182 Sane
1326 2126 1412 2182 cum
1434 2102 1565 2184 Eccle-

495 2204 545 2288 sra
579 2211 703 2307 jejunii
734 2211 858 2290 diebua
881 2212 1024 2304 unicam
1055 2219 1197 2294 mutum
1217 2202 1445 2297 refeffiouem
1478 2230 1565 2304 per.

494 2310 640 2402 mittat,
662 2311 832 2409 prohibet
851 2332 979 2397 ornnes
991 2307 1093 2402 aliaa;
1111 2300 1254 2399 finguliu
1269 2307 1380 2401 igitur
1393 2306 1564 2385 rei'et'lio-

495 2407 629 2488 nibue,
658 2425 785 2507 prater
806 2412 989 2510 primam,
1011 2402 1173 2485 Ecclelre
1200 2423 1420 2503 praeceptum
1446 2408 1562 2496 riola-

495 2520 567 2601 tur·
593 2505 694 2590 Sicut
714 2533 761 2587 ex
782 2532 855 2598 eo.
878 2509 982 2608 quod
1004 2502 1155 2594 Eualella
1181 2508 1355 2602 permittit
1380 2507 1560 2598 Sauerrio-

490 2605 612 2697 tibus,
641 2629 682 2698 ut
704 2607 811 2693 semel
838 2610 1014 2689 duntaxat
1034 2604 1196 2709 quolibet
1218 2603 1276 2694 die
1296 2603 1440 2696 Millam
1462 2608 1558 2686 cele.-

489 2706 617 2794 brent,
637 2711 729 2791 rude
753 2712 937 2810 colligitur
965 2735 1046 2790 eost
1070 2710 1133 2810 qui
1151 2708 1280 2806 pluries
1303 2709 1558 2791 celebrareau.

489 2806 579 2894 dent
601 2860 612 2894 ‚
631 2816 736 2891 toties
757 2813 934 2890 lethaliter
970 2833 1140 2909 peccare,
1165 2810 1307 2906 quoties
1329 2808 1411 2908 pust
1443 2833 1556 2895 unam

487 2894 633 3002 Milium
653 2913 932 3009 presumpserint
953 2913 1097 2993 alteram
1112 2908 1309 2993 celebrare,
1334 2908 1403 2985 slve
1427 2909 1555 3001 secun.

487 3007 604 3098 daur,
635 3011 704 3090 srve
729 3018 893 3100 tertiam.
921 3011 991 3090 five
1013 3024 1185 3110 quartam.
1218 3006 1264 3095 Et
1294 3006 1383 3086 ficut
1405 3032 1452 3085 ex
1475 3034 1552 3095 eo,

485 3110 590 3207 quod
613 3110 806 3209 Episcopus
829 3136 898 3209 pro
924 3137 995 3189 una
1018 3117 1095 3191 vice
1115 3108 1290 3189 duntaxat
1309 3109 1465 3207 permiilt
1488 3113 1553 3190 ali-

483 3212 544 3287 cui
571 3209 761 3308 ingreilunr
796 3217 831 3287 in
861 3214 956 3310 septa
978 3209 1218 3296 Monialium,
1247 3209 1340 3285 reite
1362 3209 1548 3306 colligitur

483 3333 568 3388 eum
587 3312 760 3388 lethaliter
778 3329 1013 3411 peccaturum
1026 3311 1076 3394 ‚fi
1104 3312 1224 3409 iaepius
1249 3310 1485 3404 ingrediatur.
1507 3314 1549 3390 dc

483 3413 590 3485 toties
615 3410 757 3507 quoties
780 3414 911 3512 abique
935 3414 1075 3489 licentia
1103 3412 1259 3490 intrabit.
1291 3408 1430 3499 Frustra
1455 3433 1546 3488 reto

479 3513 560 3607 quie
588 3512 761 3606 objiciat,
787 3514 891 3590 semel
917 3513 1092 3592 uiolatum
1126 3512 1302 3606 jejunium
1338 3533 1416 3587 non
1442 3509 1546 3612 polle

476 3609 629 3704 amplius
656 3612 791 3690 lervari.
836 3613 1013 3709 Quamvis
1048 3613 1143 3689 enirn
1174 3632 1252 3694 oon
1280 3608 1386 3708 poffit
1416 3610 1543 3694 servari

474 3707 628 3804 perteue
655 3736 694 3788 ea
712 3713 874 3807 die2qua
897 3715 1070 3793 violatum
1089 3713 1164 3793 est,
1190 3711 1308 3804 potest
1332 3711 1490 3788 tamtus
1522 3760 1540 3781 .

474 3810 548 3884 vari
568 3811 687 3907 quoad
707 3814 841 3912 aliquid
860 3855 871 3892 a
895 3815 1026 3893 scilicet
1047 3834 1123 3888 nou
1143 3808 1318 3889 inurendo
1344 3814 1426 3889 alias
1450 3814 1543 3890 reia·

471 3907 630 3997 diones,
648 3932 727 4009 qua
741 3928 924 4009 praeopto
936 3915 1060 4008 ieiunii
1074 3913 1154 3989 lunt
1167 3916 1295 4007 pariter
1307 3912 1522 4010 prohibita·'

523 4007 751 4089 Contrarium
770 4012 917 4110 quidem
933 4017 1146 4109 opinionem
1159 4034 1177 4087 a
1189 4013 1371 4089 nonnullis
1388 4011 1535 4097 casuum

467 4106 606 4193 arbitris
638 4111 735 4191 alleri
767 4115 872 4193 scio,
897 4112 955 4189 lod
980 4113 1056 4192 haec
1082 4110 1329 4233 probabilior,
1361 4112 1398 4187 dr
1421 4116 1535 4193 tutior

466 4204 672 4299 est‚judice
694 4214 884 4292 venerabili
898 4218 1057 4301 Gerfania
1071 4212 1265 4301 Pariiitnlls
1289 4210 1474 4300 Ecclefiae.
1496 4214 1536 4301 dt

468 4302 668 4389 academia
682 4312 925 4404 cancellario,
941 4319 979 4396 iu
991 4310 1351 4412 Regalis-moralibus.
1364 4361 1422 4405 n„
1442 4310 1531 4394 Pro·

460 4401 577 4487 babilo
600 4413 650 4487 est
683 4411 854 4508 (inquit)
880 4420 1134 4506 comedentem
1164 4416 1230 4487 'rer
1252 4419 1289 4490 iu
1318 4414 1376 4491 die
1406 4415 1532 4511 ieiunii

456 4498 530 4585 {lue
562 4511 686 4607 caula,
699 4537 777 4600 uun
800 4513 868 4602 elie
884 4518 1191 4610 praevaricatorem
1212 4515 1385 4618 niaeirpti
1399 4518 1527 4631 inter.
