3792 5375
449 529 521 622 De
546 529 684 644 primo
714 521 921 644 Deealogi
941 533 1193 648 praecepto:-
1261 529 1350 640 ‘365'
1378 457 1388 476 ·

287 702 413 788 Psalm.
427 718 489 786 42.
503 757 525 793 „
538 756 560 792 ‚,
578 699 630 779 lta
644 700 790 796 ieiuna(
804 700 941 796 inquit)
956 702 1074 781 utalio
1087 697 1348 784 manducante·

286 799 464 905 prandisse
478 817 513 879 te
527 801 682 897 gaudeas
698 855 708 885 ,
723 817 871 899 propter
885 805 1066 879 orationes
1082 848 1093 881 2
1119 819 1159 881 ut
1185 807 1344 882 exandia-

291 911 354 987 rls.
381 903 434 981 lbi
462 905 559 978 enim
578 907 650 976 ast:
671 907 787 970 Alione
805 904 954 994 loquente
972 920 1006 970 te
1031 903 1137 973 ticam
1158 929 1167 978 ς
1190 909 1271 974 Ecce
1289 907 1344 972 etl.
1360 897 1427 969 Isti.
1442 911 1491 979 ςί.

285 1007 384 1098 snm:
405 1002 588 1098 sisregeris
611 1021 657 1076 ex
678 1002 801 1077 animo
814 1001 975 1078 esurienti
991 1026 1132 1100 panem.
1165 1001 1349 1100 Quiane.

290 1127 445 1202 rumque
459 1101 498 1177 lit
517 1100 764 1187 atristibus,&
784 1126 802 1175 a
820 1100 1124 1179 murmurantibua
1137 1117 1349 1186 ,utcattant

288 1207 399 1284 taedio
424 1200 678 1300 interpellantis
705 1248 717 1282 ‚
742 1225 818 1276 non
846 1219 886 1277 ut
910 1201 1069 1280 reficiant
1095 1201 1222 1279 viscera
1257 1204 1349 1280 indi-

291 1307 422 1404 gentis,
455 1303 612 1371 Hilarem
631 1316 749 1376 autem
761 1306 907 1370 dotorem
922 1305 1036 1394 diligit
1050 1306 1154 1380 Dens.
1174 1303 1208 1378 Si
1221 1325 1348 1400 panem
1360 1323 1387 1376 e.
1411 1313 1479 1379 Ger.
1494 1333 1526 1390 ς.

290 1404 427 1484 dedens
448 1401 570 1480 trissino
591 1400 627 1474 ἀ
645 1422 797 1496 panem,
815 1401 851 1476 ἃ
870 1404 1037 1480 meritum
1053 1401 1232 1500 perdidisti
1252 1458 1275 1498 ‚‚
1288 1447 1323 1497 ,ι

531 1581 855 1666 REGULA
903 1571 1094 1670 XXXI.
1235 1629 1240 1634 -

391 1739 639 1844 eleemosyna
663 1741 847 1821 christiana
873 1741 1016 1819 humilis
1033 1741 1101 1823 esse
1125 1743 1242 1828 debet.

1561 1819 1563 1824 ·
1593 1805 1601 1850 i

338 1899 477 1980 denitn
505 1903 604 1995 jubet
622 1899 807 1984 Christus,
828 1899 957 1972 Moerin·
979 1907 1013 1975 6.
1038 1922 1116 1996 cape
1143 1904 1319 1976 Attendite
1334 1954 1345 1996 ‚-
1359 1911 1524 1996 eleemon.
1579 1881 1595 1948 ³·

356 2025 395 2071 ne
410 2000 575 2094 julliticm
589 1999 728 2081 velitem
741 1998 877 2090 faciatis
898 2023 1005 2069 coram
1016 1998 1222 2090 hominibus,
1237 2023 1275 2075 at
1290 2010 1343 2074 vi.
1359 2010 1396 2053 ¹¹²
1417 1992 1544 2056 Christi!-

294 2104 450 2174 teantnt·
468 2098 509 2171 ab
535 2105 583 2170 tir
608 2133 622 2183 ;
643 2100 787 2197 alioquin
802 2103 977 2171 mercedem
1002 2124 1065 2170 nan
1087 2097 1247 2174 babebitis
1260 2113 1343 2197 opud
1357 2087 1524 2208 ffinffiffioe
1615 2125 1619 2132 '

295 2211 429 2275 Patrem
440 2197 582 2280 oestrum
593 2249 602 2283 .
615 2200 672 2292 tyni
684 2204 720 2273 in
731 2201 818 2273 eolis
843 2198 898 2282 ello
923 2208 1003 2296 Cam
1014 2222 1090 2294 ergo
1099 2202 1188 2290 locis
1208 2205 1341 2277 eleemo.
1355 2218 1419 2282 fieti
1430 2220 1532 2282 desset.

284 2305 426 2396 synam,
439 2302 505 2373 noli
526 2298 604 2371 tulna
620 2326 732 2371 canere
751 2322 825 2371 onte
841 2321 896 2386 te,
906 2297 991 2389 ficut
1018 2301 1190 2394 hypocrite
1213 2295 1343 2393 faciant

296 2412 331 2476 in
344 2402 517 2496 synagogis
528 2451 539 2488 ,
550 2405 593 2473 (t
606 2405 642 2474 in
654 2405 756 2488 vicit,
768 2421 805 2472 nt
817 2395 1071 2487 honorificentur
1081 2397 1122 2471 ab
1137 2401 1342 2478 hominrbnrt

295 2507 489 2578 Amendr'co
507 2497 622 2588 nobis,
648 2521 836 2597 receperunt
853 2507 1028 2572 mercedem
1050 2499 1165 2589 suom,
1185 2523 1218 2574 te
1231 2529 1342 2580 antem

291 2601 438 2696 faciente
463 2602 709 2695 eleemosynam,
736 2603 856 2690 nesciat
881 2597 1012 2691 finisttc
1035 2619 1116 2690 tna,-
1137 2607 1216 2699 quial
1232 2606 1342 2699 faciat

295 2707 430 2776 dextere
451 2724 509 2774 teo
521 2733 534 2784 ,·
548 2723 585 2771 nt
606 2700 645 2781 st
664 2700 857 2796 eleemosyna
871 2724 928 2773 tuo
945 2709 980 2773 in
998 2699 1180 2791 abscondito
1199 2762 1209 2793 ,
1226 2711 1268 2779 (t
1282 2718 1343 2779 Pe·

295 2826 349 2876 ter
368 2806 535 2898 teas,qni
549 2806 642 2874 violet
661 2810 696 2872 in
718 2801 926 2891 abscondito,
960 2805 1071 2873 rettee
1093 2800 1168 2881 titt.
1204 2808 1345 2887 Sinistra⁸

298 2904 496 2984 secundum
507 2910 538 2985 S.
554 2899 688 2998 August·
703 2901 763 2979 lib.-
780 2925 818 2982 2.
839 2909 876 2972 le
889 2911 1039 2993 Sermone
1050 2907 1188 2974 Domini
1209 2914 1243 2977 in
1254 2932 1345 2979 mon.

296 3024 330 3077 te
346 3060 357 3091 ,
372 3029 449 3099 cap·
466 3022 501 3076 2.
520 3003 690 3103 significat
714 3004 820 3099 ipsam
842 3002 1084 3074 destitutionem
1099 3004 1227 3086 laudnt
1250 3011 1346 3077 Dte.

299 3119 371 3176 tera
399 3126 478 3174 oero
500 3154 556 3196 „,-‚
586 3105 825 3181 Intentionem
843 3102 1012 3199 implendi
1033 3122 1205 3201 praecepta
1217 3107 1347 3183 divina.

299 3205 394 3283 Cum
413 3208 533 3300 itaque
547 3204 760 3279 conscientia
781 3203 937 3278 sacientis
952 3202 1209 3303 eleemosynam
1227 3210 1348 3283 miscet

298 3305 331 3381 se
356 3308 528 3402 appetitio
555 3303 662 3407 sannis
681 3301 844 3383 humanae
874 3357 883 3387 ,
910 3299 950 3377 srt
982 3302 1110 3379 sinistra
1134 3304 1348 3385 conscientia

301 3409 418 3500 operis
443 3404 608 3481 dexterae.
635 3402 772 3478 Nesciat
784 3426 871 3496 ergo
890 3400 1018 3476 sinislra
1037 3419 1120 3488 tua,
1140 3404 1225 3501 quid
1246 3408 1348 3483 saciat

300 3504 444 3579 dextera
465 3519 524 3577 tua
545 3524 556 3591 3
576 3503 611 3576 id
631 3504 704 3588 est,
728 3525 802 3577 non
828 3503 859 3577 se
876 3502 1015 3576 misceat
1035 3502 1256 3581 conscientia:
1279 3524 1348 3583 tuoe

302 3603 412 3679 laudis
433 3602 595 3678 humanae
617 3606 790 3699 appetitio
808 3657 818 3687 ,
836 3625 919 3677 cum
938 3605 973 3675 in
987 3602 1204 3701 eleemosyna
1218 3606 1349 3683 sicien-¹

298 3703 342 3777 da
373 3704 532 3777 divinum
558 3714 775 3795 preceptum
802 3703 990 3777 contendis
1015 3704 1172 3797 implete·
1223 3704 1273 3782 Ut
1307 3706 1349 3782 stt

298 3800 517 3896 eleemosyna
549 3819 606 3875 tua
621 3802 891 3876 inabscondito·
916 3792 1017 3894 Quid
1040 3804 1089 3877 est
1107 3806 1141 3879 in
1162 3806 1347 3881 abscondi

298 3918 359 3985 to,
380 3898 442 3975 nist
459 3903 493 3974 in
514 3899 583 3995 ipsa
603 3903 698 3976 bona
727 3901 958 3987 conscientia,
973 3926 1051 3998 quae
1077 3903 1238 3981 humanis
1255 3928 1346 3979 oen·

298 4000 338 4075 sis
358 4000 588 4077 demonstrari
611 4023 684 4074 non
698 4001 812 4094 potest
825 4055 834 4085 ‚
847 4004 1036 4077 necvetbis
1050 4007 1173 4098 aperiri
1189 4005 1204 4073 ἐ
1218 4002 1346 4095 Quan-

297 4100 346 4177 do
358 4100 503 4195 quidem
535 4099 638 4175 multi
661 4098 772 4174 multa
797 4103 1026 4175 mentiuntur·
1069 4092 1345 4198 Quapropterll

296 4200 441 4275 dextera
465 4199 670 4274 intrinsecus
694 4201 767 4293 agit
788 4201 823 4272 in
845 4199 1053 4274 abscondito
1075 4249 1086 4280 ‚
1111 4201 1155 4274 ad
1178 4199 1345 4278 sinistrant

295 4306 474 4397 pertinent
489 4303 610 4375 omnia
624 4303 799 4373 exteriora
814 4350 825 4380 .
839 4322 917 4390 quae
935 4296 1015 4373 sunt
1030 4297 1191 4384 visibilia,
1205 4302 1241 4374 &
1254 4316 1345 4376 tem·
1396 4330 1402 4345 ·

298 4399 444 4497 pornsia.
473 4399 525 4473 Sit
549 4420 639 4495 ergo
666 4396 885 4495 eleemosyna
905 4411 964 4472 tua
984 4400 1018 4471 in
1041 4398 1109 4494 ipsa
1130 4397 1342 4479 conscientia

296 4499 456 4586 tut,ubi
478 4497 582 4579 multi
603 4496 863 4595 eleemosynam
876 4496 1010 4578 iaciunt
1024 4497 1119 4581 bona
1135 4499 1344 4675 vospnnfite,

1159 4612 1263 4679 ettam
