3792 5375
1100 535 1279 658 '422
1464 531 1776 649 Theol·
1797 535 2032 661 Dog.
2087 537 2174 644 St
2209 533 2514 638 Moral.
2554 535 2740 642 Lib.
2776 535 2927 640 lv.

1109 709 1440 802 umpleGi
1468 707 1613 790 fine
1645 705 1986 800 consensu
2027 708 2366 808 eonjugi-
2395 729 2418 804 3
2450 707 2498 785 fi
2535 712 2694 810 quis
2733 732 2885 788 non
2936 707 3218 805 videtur

1112 833 1157 900 ῃ
1186 809 1356 898 Deo
1388 825 1685 891 vocatus
1704 863 1726 895 ‚
1759 813 1833 885 δι
1880 810 1969 884 ad
1991 810 2141 886 hoc
2163 812 2330 889 vitae
2361 810 2757 902 institutum
2792 812 3090 900 idoneus
3117 870 3137 903 ‚
3161 811 3216 892 fi

1115 914 1192 988 in
1230 910 1655 992 monasterio
1689 963 1713 994 .
1749 912 1824 986 in
1907 930 2007 996 uo
2040 908 2192 1002 vult
2225 913 2445 1010 recipi
2478 952 2500 987 2
2563 935 2714 987 non
2766 911 3070 989 servatur
3109 935 3219 988 re·

1074 1005 1079 1016 '
1115 1008 1382 1110 gularis
1416 1007 1772 1103 disciplina
1801 931 1918 1095 ffi
1969 1006 2447 1101 Reipublicae,
2496 1011 2608 1101 vel
2658 1030 3037 1112 parentum
3093 1035 3220 1094 ne·

1112 1105 1385 1188 ceffitas
1424 1108 1769 1206 postulet,
1792 1123 1872 1184 ut
1899 1111 1970 1181 in
2013 1106 2251 1204 seculo
2291 1127 2590 1190 maneat.-

1216 1207 1358 1296 Sed
1381 1232 1514 1302 nec
1548 1207 1752 1294 alicui
1794 1209 2029 1303 jurare
2066 1209 2270 1294 licet,
2301 1207 2366 1286 se
2385 1232 2755 1304 nunquam
2810 1210 3211 1307 religiosam

1115 1309 1339 1386 vitam
1376 1308 1916 1408 amplexurum,
1941 1325 2063 1394 aut
2090 1323 2347 1387 votum
2389 1309 2710 1387 castitatis
2751 1311 3213 1404 emiss'urumg

1112 1408 1194 1504 ἅ
1229 1408 1634 1498 huiusmodi
1680 1410 2076 1499 juramenta
2107 1431 2260 1484 non
2289 1407 2515 1486 solum
2543 1410 2774 1492 illicita
2805 1462 2821 1481 .
2859 1409 2975 1488 sed
3006 1414 3084 1486 Sc
3123 1416 3216 1488 ir·

1115 1517 1197 1583 iit
1281 1506 1439 1597 sunt
1460 1563 1480 1595 ,
1512 1521 1592 1599 ut
1616 1507 1832 1599 docet
1865 1506 2130 1598 ibidem¹
2158 1508 2875 1602 &Thommbieffloni
2921 1512 3216 1612 respon-

1114 1606 1332 1684 dens:
1378 1663 1485 1702 „„
1527 1605 1875 1700 Quamvis
1903 1607 1940 1702 (
1967 1608 2185 1701 inquit
2212 1607 2547 1693 >licitum
2579 1609 2662 1686 fit
2697 1612 2785 1701 ab
2812 1611 3051 1712 aliquo
3083 1613 3216 1691 bo·

1084 1725 1223 1802 'no
1252 1730 1474 1808 opere
1496 1706 1868 1791 abstinere,
1895 1723 2138 1802 tamen
2171 1706 2490 1802 illicitum
2549 1710 2647 1799 est
2673 1765 2692 1796 ,
2726 1711 2833 1785 vel
2875 1710 2998 1786 fibi
3026 1768 3048 1796 ‚
3101 1709 3219 1791 vel

1114 1807 1228 1883 alii
1267 1808 1863 1910 impedimentum
1896 1829 2260 1906 apponere
2280 1857 2303 1890 ‚
2326 1830 2480 1906 quo
2503 1812 2736 1889 minus
2778 1812 2851 1893 in
2888 1810 3059 1887 illud
3082 1813 3219 1889 bo·

1118 1931 1299 2004 pum
1337 1931 1525 2006 opus
1568 1906 1956 2003 procedere
1983 1904 2231 2001 postitz
2266 1906 2445 2003 ficut
2470 1907 2740 1992 licitum
2777 1912 2876 1985 est
2906 1934 3057 1987 non
3092 1911 3220 1988 da-

1116 2030 1198 2107 re
1232 2006 1749 2108 eleemosynam
1778 2005 1949 2098 huic
1976 2009 2311 2104 pauperi,
2356 2008 2679 2100 illicitum
2704 2026 2940 2085 tamen
2967 2011 3067 2100 est
3101 2010 3167 2087 se
3191 2065 3217 2098 ,

1118 2109 1234 2196 vel
1275 2107 1492 2185 alium
1534 2111 1944 2202 juramento
1967 2107 2401 2210 adstringere
2431 2109 2521 2200 ad
2563 2107 2708 2188 hoc
2732 2157 2753 2189 ,
2779 2109 2983 2209 quod
3008 2112 3221 2200 alicui

1116 2206 1564 2308 eleemosyna
1594 2230 1744 2286 non
1776 2206 2006 2281 detur.
2061 2202 2286 2296 Cujus
2328 2209 2509 2287 ratio
2544 2209 2644 2287 est
2680 2232 2701 2300 ;
2734 2213 2897 2309 quia
2936 2226 3215 2307 praejter·

1117 2310 1401 2394 mittere
1433 2307 1665 2385 astum
1714 2306 1988 2381 virtutis
2039 2306 2272 2401 potest
2313 2305 2561 2407 aliquis
2607 2308 2869 2406 absque
2914 2325 3220 2407 peccato

1118 2409 1274 2495 (eo
1313 2406 1513 2500 quod
1542 2425 1889 2503 praecepta
1935 2400 2348 2484 affirmativa
2371 2456 2391 2482 .
2433 2430 2593 2497 quae
2623 2408 2782 2485 sunt
2816 2410 2906 2485 de
2955 2411 3220 2493 adibus

1115 2511 1507 2589 virtutum»
1540 2526 1690 2585 non
1726 2505 2054 2601 obligant
2090 2505 2179 2579 ad
2212 2503 2485 2601 semper
2516 2512 2548 2590 )
2583 2505 2697 2581 sed
2749 2509 3219 2606 impedimen·

1117 2621 1283 2707 tum
1326 2608 1503 2703 boni
1548 2607 1782 2701 operis
1827 2604 2085 2697 directe
2109 2606 2348 2683 virtuti
2378 2610 2850 2685 contrariatur
2893 2628 2919 2701 ς
2958 2608 3222 2686 &ideo

1120 2707 1313 2798 cadit
1350 2704 1493 2785 sub'‘
1510 2706 1998 2803 prohibitione
2044 2706 2378 2804 praecepti
2419 2711 2777 2806 negativi,
2809 2709 3010 2806 quod
3039 2710 3223 2799 obli-

1123 2823 1253 2915 gat
1295 2808 1384 2900 ad
1409 2806 1717 2903 semper,
1748 2806 1940 2882 unde
1963 2809 2205 2889 omnia
2233 2806 2392 2884 talia
2435 2807 2832 2904 juramenta
2885 2809 3044 2887 sunt
3097 2811 3232 2886 illi.

1124 2911 1263 3003 pita
1283 2962 1304 2992 ‚
1334 2930 1468 2994 nec
1489 2907 1647 3001 [unt
1681 2904 2111 2983 observanda
2138 2928 2160 2987 3
2187 2907 2261 2990 δι
2290 2904 2387 2984 illi
2423 2960 2445 2992 ‚
2473 2910 2596 3002 qui
2625 2907 2772 2985 hoc
2817 2911 3050 3000 jurant
3073 2965 3094 2992 ‚
3121 2912 3235 3004 ju·

1122 3007 1357 3096 tando
1387 3009 1647 3107 perjuri
1676 3002 1895 3090 fiunt,
1920 3012 2080 3103 quia
2121 3006 2603 3099 juramentum
2642 3009 3012 3089 hominem
3046 3009 3235 3088 obli-

1181 3131 1294 3183 are
1342 3129 1492 3185 non
1525 3104 1758 3203 potest
1812 3121 2064 3190 contra
2092 3105 2508 3191 charitatem
2559 3105 2696 3183 Dei
2724 3162 2743 3190 .
2773 3110 2843 3187 ἃ
2878 3111 3221 3203 proximi.

1122 3131 1345 3294 {Inde
1389 3208 1710 3300 quamvis
1744 3203 2018 3281 licitum
2054 3204 2133 3280 lit
2186 3205 2391 3293 alicui
2434 3203 2881 3301 Religionem
2923 3230 3071 3283 non
3111 3210 3223 3280 in-

1130 3323 1354 3395 trareg,
1398 3307 1714 3379 illicitum
1762 3321 1999 3379 tamen
2047 3307 2143 3383 est
2195 3307 2779 3403 impedimentum
2843 3307 3215 3387 iuramenti
