3792 5375
375 523 672 654 ‘'”Dcpr'imo
702 524 909 651 Deculogi
939 532 1165 652 praecepto}
1253 531 1361 646 {teti
1389 556 1420 661 J

295 703 427 788 cedem
462 705 654 784 offenderit
680 728 692 799 ;
717 728 802 783 cuor
831 706 972 786 restite
998 705 1168 786 soricibus
1189 704 1355 790 roditur·

295 808 374 906 pluo
409 823 560 884 tremere
583 804 781 902 suspicione
799 804 909 883 futuri
940 805 1048 894 mali,
1079 829 1188 906 quatu
1208 805 1357 904 praesepe

297 909 433 986 malunt
459 906 593 983 dolete·
623 904 728 982 Unde
750 899 835 980 illud
860 900 1040 1003 eleganter
1057 905 1193 984 diuum
1215 907 1264 984 eli
1286 904 1357 986 Ca·

274 1013 393 1087 tonia
408 1061 419 1094 ,
436 1001 604 1104 quicum
620 1002 704 1081 esset
736 1003 959 1082 consultura
980 1006 1141 1103 quodam
1162 1059 1173 1094 ‚
1204 1008 1266 1106 qui
1291 996 1355 1090 ubi

296 1131 316 1185 a
341 1107 509 1184 soricibus
543 1104 658 1182 erosae
679 1102 809 1199 caligae
845 1101 1005 1192 diceret,
1028 1105 1208 1203 respondit
1234 1104 1354 1184 :Non

298 1203 367 1283 else
391 1205 478 1283 illud
500 1202 792 1288 nonstrantes
824 1226 905 1281 rere
925 1204 1124 1282 monstrum
1149 1204 1354 1286 habendum

298 1303 417 1384 luisse,
436 1303 460 1382 st
479 1303 639 1382 soticeta
659 1304 778 1398 caligit
803 1304 1073 1382 roderenturm
1102 1287 1235 1403 Neque
1249 1299 1355 1390 illiab

300 1406 375 1483 hoc
386 1426 518 1500 genere
535 1404 736 1499 perniciosae
755 1390 1007 1498 superstitionit
1028 1403 1232 1503 segregandi
1252 1405 1358 1484 sunt»

302 1510 365 1604 qui
382 1503 605 1582 Genethliaci
625 1517 774 1601 propter
794 1500 962 1582 nutriunt
991 1504 1131 1582 dierunt
1155 1501 1356 1584 considera·

270 1608 437 1698 tiones,
461 1626 559 1702 nunc
580 1620 699 1681 autern
717 1601 834 1699 'uulgo
849 1601 1097 1680 Mathematici
1119 1617 1353 1682 vocantur-u
1423 1680 1444 1692 ,,
1520 1683 1523 1690 ,
1611 1685 1615 1705 ,

300 1701 441 1784 Omnes
465 1705 574 1799 igitur
590 1720 681 1779 artes
699 1701 936 1799 hujusmodi,
965 1704 1019 1794 vel
1045 1707 1266 1800 nugatoria,
1297 1696 1355 1780 rel
1516 1747 1542 1790 .;

300 1808 421 1881 noxiae
459 1802 735 1903 superstitionis,
765 1820 811 1877 ex
834 1800 987 1900 quadarn
1006 1802 1164 1899 pestifera
1189 1801 1357 1881 societate

299 1903 516 1990 hominurn,
538 1905 574 1978 ie
602 1904 837 1988 demonum,
871 1901 967 2000 quafi
1003 1901 1101 1999 pasta
1120 1904 1282 2000 quaedam
1301 1905 1356 1977 in·
1387 1933 1389 1938 ¹

299 2001 435 2119 fidelis3
462 2004 500 2079 ἃ
521 1999 652 2079 dolosae
671 2003 831 2080 amicitiae
859 2001 1079 2119 constituta,
1102 2007 1243 2121 penitue
1275 2001 1358 2079 sune
1450 2024 1453 2029 ·
1543 1999 1546 2012 '

296 2098 1559 2301 iiii-'iulitlllillusistisiussitlussit1·cru·

300 2304 466 2375 demoniis
479 2312 674 2388 immorant,
697 2304 741 2375 o
754 2324 816 2371 non
832 2307 929 2383 Dre,·
954 2300 1026 2374 nolo
1041 2321 1150 2374 eutem
1173 2326 1234 2373 vot
1252 2300 1360 2391 socier
1531 2329 1555 2392 ug

301 2405 529 2474 demoniorum
545 2395 637 2487 fieri.
675 2398 790 2493 Quod
806 2416 927 2478 eutem
946 2400 993 2478 de
1019 2398 1200 2487 idolia,&
1221 2400 1266 2479 de
1291 2408 1360 2500 inr-
1495 2394 1498 2398 ¹

308 2503 584 2585 molationibur,
598 2522 678 2601 quae
701 2503 835 2576 honori
857 2523 985 2579 eorum
1006 2501 1249 2585 exhibentur,
1266 2503 1359 2583 dixit

301 2603 518 2700 Apostolus,
549 2600 623 2677 hoc
657 2602 703 2676 de
723 2604 891 2677 omnibus
915 2603 1125 2699 imaginariis
1151 2601 1256 2702 fignis
1283 2603 1360 2680 sen·

303 2703 465 2782 tiendum
489 2704 561 2789 est,
593 2724 672 2798 quae
693 2703 748 2777 vel
771 2701 816 2779 ad
838 2700 975 2779 cultum
1003 2701 1210 2781 idolorum,
1229 2703 1284 2781 uel
1313 2702 1361 2782 ad

302 2818 499 2883 creaturam
517 2846 527 2880 t
544 2804 688 2900 ejusque
705 2819 822 2898 parter
843 2817 1014 2901 tanquam
1041 2793 1163 2880 Deum
1188 2804 1360 2881 colendae

303 2905 480 2991 trahunt,
511 2903 565 2979 vel
587 2902 631 2979 ad
659 2900 898 2977 remediorum
929 2900 1175 2999 ‚aliarumque
1196 2901 1359 2981 observu-

303 3000 1362 3200 lrttutuutuunurutluuitulus

306 3204 444 3287 stituta,
475 3201 532 3276 sed
562 3223 623 3295 per
671 3203 795 3274 ritatar
813 3203 1050 3294 appetitioner
1075 3224 1191 3280 rerum
1215 3214 1392 3298 tempo.
1475 3178 1482 3201 Κ
1545 3239 1548 3250 ·

305 3302 431 3378 talium
456 3299 567 3378 cordo
590 3299 625 3373 di
653 3312 753 3392 rpant
784 3297 1003 3376 miserorum
1027 3299 1069 3377 ln
1083 3305 1250 3379 omnibus
1268 3326 1362 3402 ergo
1524 3353 1527 3360 -

306 3402 376 3477 iilis
406 3400 573 3478 doctrinis
585 3397 731 3475 societas
750 3394 958 3476 daentonuut
986 3402 1209 3478 formidanda
1227 3417 1360 3500 ,atque

308 3499 561 3578 vitandans,
589 3501 650 3595 qui
674 3496 760 3573 nihil
789 3519 874 3573 curn
900 3500 1065 3598 principe
1090 3501 1154 3577 suo
1184 3501 1358 3590 diabolo.

308 3599 370 3676 nist
391 3598 543 3675 reditum
565 3599 728 3675 nostrum
756 3595 918 3693 claudere
941 3647 953 3681 ,
975 3617 1082 3693 utque
1110 3599 1270 3676 obserare
1293 3624 1361 3679 co·
1453 3648 1455 3653 ·

308 3714 449 3776 uantur·
476 3696 575 3773 Sicut
597 3713 715 3775 autern
737 3697 782 3772 de
800 3696 923 3785 sicllia,
936 3720 1024 3795 quau
1045 3690 1278 3785 condidit‚&
1298 3725 1360 3779 or·

308 3794 573 3879 sinemurus,
589 3797 826 3895 ltuutanae.ec
846 3797 1061 3895 deceptoriae
1079 3801 1293 3892 conjeslurae
1309 3792 1356 3878 ab

307 3898 515 3976 hominibus
535 3895 698 3971 instituta
719 3895 799 3973 sunt
821 3916 833 3980 t
857 3895 915 3991 lic*
940 3901 1045 3975 etiarn
1084 3898 1130 3974 de
1159 3899 1358 3997 quintiliane

308 3998 531 4085 nascentibus
549 4047 562 4079 ,
579 3995 634 4068 vel
648 4016 802 4091 quoquo
825 3994 940 4073 ruodo
965 3996 1095 4075 divion
1126 3997 1361 4094 providentiae

310 4095 612 4176 administratione
637 4092 865 4190 exilientibus
896 4096 1000 4176 rebue
1027 4099 1130 4175 multi
1155 4097 1266 4174 multa
1290 4096 1360 4175 lrtt·

308 4199 422 4275 tnauis
439 4193 693 4289 suspicionibus
716 4190 811 4287 queis
837 4196 1041 4289 regulariter
1069 4197 1265 4292 coujeiiata
1281 4198 1360 4274 lite·-

306 4299 353 4373 ris
367 4296 625 4373 mandaverunt
636 4347 647 4380 ,
659 4291 681 4368 li
692 4290 786 4367 sorte
805 4290 943 4369 insolite
960 4294 1170 4373 acciderint.
1183 4309 1358 4391 tanquam

259 4442 263 4449 ·
303 4394 444 4473 simula
461 4398 572 4489 pariat
587 4409 670 4477 ,aut
681 4391 830 4474 fulmine
843 4389 977 4488 aliquid
1005 4399 1238 4491 percutiatur.
1264 4395 1361 4489 Qum

297 4498 433 4575 omnia
455 4509 595 4572 tantum
617 4494 759 4578 ruent.
775 4506 960 4591 quntum·
984 4493 1260 4593 prosumptione
1287 4498 1364 4583 uei·

613 4605 621 4618 ’
1168 4605 1315 4678 §foruna
