3792 5375
435 529 508 621 De
533 495 714 620 secundo
738 525 943 648 Decalogi
969 545 1192 650 praeeepto,
1223 491 1228 498 Ι
1266 497 1352 642 5955
1421 547 1424 572 ¹

290 702 535 804 magistratum
554 756 564 787 ,
586 698 641 776 rei
665 696 825 779 officium
847 701 1033 791 poblicum
1066 675 1258 801 promotor
1275 706 1350 797 est,

291 810 447 903 poterit.
471 825 555 882 cum
580 801 796 878 restridione
819 803 964 880 mentali
1014 807 1150 883 restare
1170 811 1351 904 juramen·

292 925 394 991 tum,
413 900 513 1000 quod
538 902 584 1019 (ie
606 905 776 978 mandato
804 898 911 1019 Regis
934 927 955 979 a
982 827 1148 985 emititur
1171 907 1259 984 solet
1273 908 1352 984 exi·

290 1011 329 1104 gi
345 1054 357 1089 ,
376 1028 451 1080 non
475 1000 599 1079 habito
626 1003 783 1097 respectu
808 1004 853 1079 ad
880 1008 1118 1082 intentionem
1151 1008 1348 1105 exigentia,

291 1109 376 1205 quia
397 1126 473 1280 agria
499 1117 639 1178 tenetur
665 1102 766 1178 fateri
787 1104 922 1178 crimen
947 1104 1135 1183 occultum
1160 1156 1228 1200 .„‚.

292 1252 442 1483 aiat
456 1225 879 1501 innatam&
891 1303 1002 1496 tir
1020 1309 1352 1485 natinar-

512 1205 584 1288 uis,
608 1202 663 1278 vei
684 1201 798 1286 ioiua,
818 1201 874 1278 vei
892 1225 1015 1280 coram
1035 1205 1131 1282 aliis,
1150 1205 1218 1283 irre
1238 1209 1351 1284 inter·
1445 1181 1448 1186 ’
1599 1191 1602 1210 “

293 1506 382 1605 quid
405 1559 416 1590 ,
439 1504 539 1598 qood
574 1524 692 1578 revera
721 1500 833 1588 iecit,
861 1502 1094 1601 intelligendo
1117 1512 1208 1583 intra
1231 1509 1265 1596 ie
1288 1507 1352 1585 aii·
1475 1571 1477 1576 .
1604 1597 1610 1614 ,

294 1607 384 1703 quid
402 1604 522 1689 aliud,
549 1601 650 1696 quod
675 1623 750 1677 non
774 1601 884 1688 iecit,
909 1604 965 1678 vei
984 1604 1090 1682 aliam
1108 1609 1199 1684 eiam
1219 1608 1263 1684 ab
1286 1630 1351 1693 ea,

294 1709 421 1803 inqua
443 1703 553 1783 fecit,
580 1701 636 1776 vei
656 1701 812 1797 quodvis
831 1701 924 1780 aliud
948 1703 1111 1783 additum
1138 1729 1282 1794 rmum,
1297 1730 1354 1784 re.

294 1829 377 1885 vera
400 1828 476 1880 non
496 1805 698 1883 mentitur,
723 1822 790 1877 nec
814 1802 863 1878 est
884 1804 1044 1897 perjurus
1065 1859 1132 1897 nn.

345 1949 368 1990 ,2
398 1901 493 1984 Com
512 1901 611 1977 causa
635 1901 775 1978 licitum
798 1901 847 1977 est
866 1902 981 1998 jurare
1001 1902 1073 1982 fine
1089 1907 1211 1982 animo
1231 1905 1353 2001 joran·

294 2059 320 2100 „
335 2001 480 2090 dasne
506 2025 561 2077 res
582 2000 623 2077 iit
648 2001 758 2086 levis,
786 2002 855 2077 sire
879 2008 996 2098 graric
1021 2059 1055 2095 „.

348 2101 492 2182 Easdem
514 2100 777 2199 propositiones
791 2100 942 2179 confixit
957 2100 1081 2181 Clerua
1099 2101 1291 2201 geliica'noa
1312 2103 1354 2184 in

295 2204 519 2300 generalibus
548 2204 714 2279 comitiis
740 2205 947 2300 anni170o
979 2200 1090 2278 Prima
1116 2205 1261 2302 quidem
1284 2201 1355 2281 hae

294 2304 461 2386 censura:
484 2357 508 2388 n
529 2298 616 2384 Hac
638 2299 841 2397 propofitio
862 2301 1057 2380 icandalosa
1079 2303 1155 2389 est,
1175 2305 1354 2402 pernicio·

294 2455 321 2490 „
334 2404 388 2497 sa,
410 2408 652 2501 patrocinatur
670 2401 834 2478 humanm
846 2405 1054 2488 ambitioni,
1072 2405 1223 2499 perjuria
1243 2426 1358 2481 excu-

294 2557 321 2590 „
336 2503 417 2680 sat,s
438 2502 593 2600 publica
628 2500 794 2598 potestati
813 2519 940 2581 contra
962 2496 1035 2580 Dei
1061 2503 1270 2584 mandatum
1293 2501 1358 2582 ad·

297 2619 489 2692 „veretur
515 2655 548 2693 „.

348 2705 500 2783 Alteram
519 2703 666 2781 huncio
689 2701 841 2779 modum
861 2699 1064 2780 damnavit:
1085 2744 1144 2788 a„
1169 2699 1356 2795 Haecpro-

296 2805 430 2906 pofitio
457 2804 639 2881 temeraria
664 2802 735 2883 est,
757 2799 979 2890 scandalosa,
1000 2800 1216 2900 perniciosa,
1236 2797 1356 2876 iiiuio·

297 2910 369 2989 ria,
387 2925 555 2979 erronea,
572 2903 785 2986 mendaciis,
798 2901 1003 2989 fraudibus,
1024 2902 1061 2978 ἃ
1077 2901 1239 2999 perjuriis
1259 2900 1355 2977 viam

296 3003 432 3104 aperit.
458 3004 496 3077 &
514 3002 614 3082 saonis
643 3000 831 3098 Scripturis
857 3001 1056 3079 adversator
1080 3046 1153 3091 n„-

347 3104 506 3185 Tertiam
533 3101 735 3199 judicavit,
764 3158 786 3191 „
822 3104 1068 3188 temerariam,
1095 3095 1354 3185 scandaioiam,

296 3264 321 3302 „
335 3202 590 3303 perniciosam,
616 3205 721 3279 bonae
747 3197 831 3279 fidei
850 3200 1085 3315 illudentem,
1103 3201 1141 3279 ἀ
1162 3197 1357 3296 Decalogo

297 3311 324 3394 ‚r
339 3307 557 3388 contrariam
583 3356 621 3393 „.

580 3480 908 3570 RaGuLn
960 3483 1076 3568 XII.

298 3642 428 3725 Hostes
447 3643 551 3721 etiam
566 3645 733 3746 publicos
753 3643 881 3721 doloso
903 3647 1127 3744 iuramento,
1150 3643 1189 3721 &
1213 3638 1360 3720 mentali

353 3744 592 3834 restriiiione,
614 3747 668 3824 vei
681 3749 967 3840 aequivocatione
978 3744 1120 3828 fucato,
1141 3743 1260 3821 faiiere
1282 3764 1360 3820 non

348 3844 444 3923 iicet
471 3844 549 3946 Qui
573 3848 610 3922 id
634 3848 781 3934 iecerit,
801 3845 858 3927 rei
879 3849 1090 3936 tentaverit,
1118 3843 1253 3924 lethalia
1281 3861 1362 3940 per·

347 3949 430 4045 jurii
450 3970 530 4025 rene
562 3946 624 4024 est.

300 4106 385 4266 H
398 4127 465 4180 nnc
486 4103 663 4203 Regulam
680 4103 802 4183 iisdem
819 4101 1059 4181 fundamentis
1079 4103 1263 4180 innixam.
1281 4096 1363 4190 qoi-

411 4206 476 4282 bus
497 4203 719 4298 praecedenr,
744 4200 936 4281 confirmat
963 4203 1148 4271 ferrandus
1174 4194 1363 4292 Carthagi·

298 4302 416 4379 nenfis
438 4304 600 4386 Ecclefiae
626 4302 813 4382 Diaconos
831 4303 868 4375 in
896 4298 1112 4378 Parnnetico
1134 4298 1179 4377 ad
1199 4298 1362 4389 Reginum

299 4406 485 4488 comitem,
512 4459 536 4491 „
557 4457 582 4489 „
611 4400 652 4481 ln
685 4403 759 4480 hoc
783 4393 950 4496 (inquit)
974 4403 1131 4480 maxime
1163 4394 1364 4496 agnoscerir

302 4499 470 4588 humanis
497 4506 618 4585 divina
643 4522 881 4613 preponere,
908 4498 1056 4600 qnando
1086 4499 1175 4581 nulii
1198 4497 1365 4605 milamter

765 4600 889 4701 Fra
1255 4598 1313 4696 iu·
