3792 5375
1100 568 1266 652 344
1433 539 1747 645 Theol.
1799 539 2031 656 Dog,
2084 544 2162 636 &
2224 532 2540 642 MoraL*
2574 535 2761 635 Lib.
2803 543 2952 642 IV.

1103 710 1354 790 diversi
1394 714 1693 813 gradus,
1722 713 1797 791 ἂι
1836 712 2277 812 indigentiae,
2310 712 2384 799 ἃ
2412 715 2962 813 propinquitatis
3008 741 3033 812 3
3072 714 3189 795 sed

1106 812 1256 901 hoc
1291 817 1581 914 req'uirit
1616 815 1981 916 prudentis
2015 812 2361 908 judicium
2400 869 2446 908 „
2471 870 2535 907 2..

1204 912 1291 990 Et
1312 919 1383 992 in
1418 912 1870 1013 responsione
1923 913 2013 990 ad
2047 917 2332 989 tertium
2355 935 2376 1000 ;
2401 969 2445 1007 ,‚
2467 968 2512 1008 „
2540 911 2823 992 Nullius
2851 909 3192 1012 (inquit)

1100 1011 1565 1094 benefactoris
1611 1012 2163 1091 beneficium-est
2195 1027 2475 1089 tantum
2500 1068 2524 1100 ,
2558 1013 2734 1091 licut
2767 1034 3193 1114 parentum3

1099 1114 1175 1188 δι
1203 1114 1366 1192 ideo
1387 1130 1707 1215 parentes
1731 1117 1801 1189 in
1829 1135 2075 1190 recom
2132 1110 2443 1187 cusandis
2465 1114 2819 1191 beneficiis
2845 1116 3004 1200 sunt
3028 1131 3195 1194 om'-

1097 1216 1306 1292 nibus
1325 1216 1468 1296 aliis
1507 1211 1915 1311 praesetendi
1937 1236 1961 1307 ς
1983 1213 2053 1287 ni
2083 1235 2105 1287 1
2135 1209 2488 1289 neceffitas
2513 1234 2607 1302 ex
2637 1214 2762 1290 alia
2799 1232 2997 1309 parte
3022 1240 3199 1315 prae·

1090 1313 1568 1413 ponderaret,
1598 1313 1706 1390 vel
1735 1313 1863 1391 alia
1899 1314 2226 1389 conditio
2253 1365 2274 1396 ,
2297 1329 2467 1408 puta
2489 1366 2511 1398 ,
2544 1322 2956 1392 communis
3000 1321 3192 1395 utili-

1087 1430 1194 1490 tas
1234 1411 1592 1500 Ecclesiae,
1637 1413 1744 1490 vel
1775 1411 2199 1509 reipublicae.
2263 1409 2343 1486 ln
2380 1412 2528 1489 aliis
2585 1433 2826 1491 autem
2880 1418 2977 1493 est
3016 1419 3195 1495 aesti-

1086 1516 1313 1591 matio
1363 1514 1682 1589 habenda
1707 1567 1726 1600 ,
1760 1513 1835 1588 δι
1890 1511 2461 1607 conjunctionis,
2491 1514 2567 1588 ἃ
2608 1515 2929 1592 beneficii
2967 1517 3190 1595 susce·

1090 1616 1198 1708 pti
1227 1632 1252 1701 ς
1284 1635 1442 1710 quae
1487 1612 1798 1697 fimiliter
1862 1636 2016 1696 non
2060 1612 2726 1711 potestrommuni
2773 1618 3019 1714 regula
3063 1618 3188 1694 de-
3237 1660 3242 1664 -

1090 1715 1451 1789 terminari
1488 1761 1537 1797 ‚‚
1563 1756 1640 1797 ,2-

1186 1814 1270 1882 In
1292 1811 1681 1907 responsione
1722 1813 1806 1882 ad
1828 1829 2136 1909 quartum
2155 1812 2296 1896 a't't:
2339 1865 2383 1903 „
2408 1866 2450 1904 „
2490 1804 2574 1887 In
2606 1811 3019 1891 neceffitatis
3051 1839 3182 1892 ex.

1084 1923 1332 1992 tremae
1364 1914 1664 1992 articulo
1715 1916 1938 2011 magis
1961 1912 2170 1988 licere
2193 1909 2500 1988 deserere
2537 1913 2716 1989 filios
2739 1969 2760 2000 ,
2790 1939 3004 2009 quam
3052 1941 3184 2013 pau

1081 2029 1568 2118 rentes,quos
1593 2012 1792 2092 nullo
1822 2014 2049 2088 modo
2093 2011 2404 2088 deserere
2453 2013 2659 2094 licet,
2693 2036 2993 2111 propter
3043 2022 3185 2094 ob·
3235 2071 3240 2076 -

1077 2113 1496 2211 ligationem
1527 2111 2037 2192 beneficiorum
2074 2110 2555 2208 susceptorum
2589 2164 2758 2204 .....

1036 2261 1043 2301 .
1186 2212 1565 2304 ‚Quaestione
1609 2217 1880 2308 denique
1937 2228 2053 2304 32.
2101 2230 2235 2281 art.
2278 2227 2353 2303 9.
2396 2227 2514 2297 .‚·,‚
2578 2211 2826 2291 Multo
2866 2214 3185 2293 sanctiori

1076 2307 1798 2416 magisin'digentiam
1851 2314 2187 2409 patienti,
2235 2314 2308 2386 δι
2365 2315 2586 2409 magis
2630 2314 2782 2389 utili
2829 2318 2914 2391 ad
2970 2339 3181 2392 com-

1077 2435 1301 2504 mune
1346 2417 1664 2498 bonum.
1696 2414 1793 2489 est
1846 2416 2070 2507 magis
2130 2410 2573 2522 eleemosyna
2619 2414 2847 2489 danda
2890 2469 2909 2501 ,
2961 2438 3180 2510 quam

1075 2514 1391 2610 personae
1425 2515 1933 2612 ,propinquiori
1970 2565 1994 2597 ,
2035 2516 2348 2595 maxime
2397 2512 2447 2587 Γι
2511 2535 2661 2588 non
2740 2515 2822 2589 lit
2866 2522 3176 2594 multum

1069 2614 1449 2710 conjuncta
1477 2615 1724 2708 ,cujus
1770 2634 1939 2689 cura
1968 2609 2275 2709 specialis
2323 2612 2527 2689 nobis
2573 2635 2722 2689 non
2743 2618 3172 2731 flumineam

1062 2716 1149 2811 ,ᾇ
1183 2714 1236 2804 fi
1274 2737 1607 2820 magnam
1655 2709 2126 2802 neceffitatem
2168 2735 2321 2790 non
2362 2717 2665 2808 patiatur
2720 2761 2764 2800 2,
2799 2763 2875 2804 ῃ.

1024 2822 1101 2977 Ι·
1234 2956 1247 2977 ,.
1511 2889 2170 3015 REGULA
2269 2890 2649 2986 xxm.

1058 3049 1445 3149 Lethaliter
1485 3071 1735 3150 peccat
1776 3066 2033 3133 contra
2086 3068 2522 3151 praeceptum
2569 3054 2924 3134 charitatis
2969 3110 2990 3142 ,
3046 3060 3173 3156 qui

1160 3156 1585 3254 pauperibus
1630 3170 2071 3247 extremam,
2107 3155 2215 3229 vel
2270 3177 2607 3250 gravem.
2644 3162 2797 3243 imo
2846 3161 2913 3229 ὅτ
2961 3180 3171 3231 com-

1159 3279 1456 3346 munem
1517 3252 1986 3337 necestitatem
2040 3255 2469 3367 patientibus
2510 3308 2530 3338 .
2594 3255 3160 3351 eleemosynam,
