3792 5375
1014 470 1021 476 Ι
1108 522 1286 646 ¹'3'638
1467 530 1781 632 Theola
1818 535 2065 646 Dog.
2091 533 2176 622 δε
2225 526 2530 629 Moral.
2549 531 2555 538 ’
2576 529 2768 628 Lib.
2805 529 2959 631 lv.

1116 707 1624 794 ctificetunab
1662 704 1823 805 ipfis
1858 703 2263 802 unguiculis
2307 701 2590 799 Spiritui
2643 704 3122 783 c'onsecretmte
3153 709 3237 788 ξῖ

1128 806 1329 885 Nihil
1352 810 1476 883 tibi
1511 811 1834 898 amuletis
1860 860 1881 891 ,
1910 829 2045 882 nec
2073 808 2614 888 incantamentis
2668 829 2854 898 opus
2888 806 2991 882 est
3012 862 3033 893 ,
3065 830 3241 886 cum

1126 911 1390 999 quibus
1454 931 1709 1002 pravus
1772 906 1887 982 ille
1952 909 2026 982 in
2081 903 2435 995 leviorum
2502 906 2883 995 hominum
2959 911 3238 996 animos

1130 1007 1333 1083 iimul
1369 1009 1657 1105 irrepit,
1706 1009 2239 1082 venerationem
2285 1002 2450 1079 Deo
2497 1004 2811 1080 debitam
2853 1005 3100 1084 furtim
3142 1008 3237 1082 ad

1128 1107 1198 1192 se
1224 1105 1664 1183 transferens
1721 1105 2146 1182 Trinitatem
2178 1104 2299 1202 ipli
2323 1104 2462 1189 da,·
2500 1125 2846 1200 magnum
2885 1107 3104 1193 illud,
3159 1109 3235 1184 ἃ

1128 1206 1514 1304 pulchrum
1564 1206 1954 1283 amuletum
2005 1260 2048 1295 ,‚
2091 1232 2157 1295 „.·
2327 1278 2334 1288 ,

1230 1303 1686 1390 &Burman
1737 1302 2052 1381 Homilia
2105 1307 2177 1379 in
2235 1287 2478 1384 Psalm.
2525 1319 2648 1396 45.
2699 1301 2990 1378 damnat
3051 1317 3179 1381 e'os
3213 1351 3238 1390 ‚

1126 1405 1665 1504 qui-caraderes
1692 1452 1714 1485 2
1754 1410 1827 1479 δι
1894 1403 2152 1498 figuras
2199 1425 2588 1510 puerorum
2641 1392 2837 1479 collo
2879 1406 3239 1481 circumli-

1128 1519 1304 1600 gant
1370 1507 1456 1580 ad
1511 1505 2033 1602 procurandam
2076 1502 2204 1578 illis
2236 1505 2616 1580 ianitatem.
2671 1558 2713 1594 ‚‚
2744 1558 2787 1595 ‚‚
2822 1502 3235 1582 Multorum

1128 1613 1164 1694 Q
1194 1601 1457 1698 inquit)
1485 1605 1584 1681 est
1633 1606 1906 1680 diceret
1959 1606 2144 1673 Deus
2183 1599 2390 1681 noller
2420 1600 2791 1696 refugium}
2824 1606 2936 1678 sed
2971 1605 3235 1683 eodem

1128 1725 1283 1802 quo
1320 1703 1674 1799 Propheta
1704 1702 1942 1779 noster
1977 1701 2230 1778 affetlu
2261 1703 2538 1789 dicere,
2573 1705 2781 1779 nimis
2819 1726 3033 1799 quam
3063 1728 3234 1802 pau,-

1126 1827 1385 1883 corum
1414 1803 1510 1880 est
1540 1843 1559 1871 ι
1585 1849 1605 1872 .
1635 1840 1655 1874 .·
1710 1801 1985 1880 Etenim
2043 1827 2215 1879 cum
2268 1806 2720 1880 tribulatione
2757 1809 3090 1898 quapiam
3131 1803 3234 1882 af-

1126 1902 1467 1981 flistamur
1496 1949 1517 1980 ‚
1568 1902 1656 1978 ad
1704 1907 1947 1977 omnia
1989 1905 2232 1998 potius
2265 1953 2287 1986 ,
2335 1927 2548 1999 quam
2595 1902 2941 1998 adipsum
2983 1899 3233 1982 Deum

1030 2051 1047 2072 -
1126 1999 1448 2086 nostrum
1473 2005 1919 2082 recurrimus,
1985 2002 2159 2079 Puer
2193 2004 2319 2078 tibi
2362 2000 2715 2098 aegrotat?
2768 2002 3235 2098 Quaquaver-

1125 2104 1279 2180 sum
1328 2102 1732 2180 circumfers
1766 2102 2022 2179 oculos
2052 2148 2075 2189 ,
2120 2106 2482 2199 requirens
2525 2105 3037 2177 incantatorem
3062 2147 3086 2185 ,
3109 2113 3234 2181 aut

1126 2218 1319 2279 certe
1376 2226 1542 2280 eum
1590 2256 1612 2287 ,
1694 2204 1815 2294 qui
1877 2201 2425 2297 supervacaneos
2463 2257 2483 2287 ,
2536 2202 2890 2296 vanosque
2931 2203 3235 2278 cataste.

1123 2313 1283 2386 res,
1343 2301 1456 2378 seu
1508 2299 1766 2397 figuras
1811 2311 2206 2395 puerorum·
2254 2304 2751 2377 innoeentium
2797 2302 3065 2377 collum
3093 2305 3234 2377 cir·-

1122 2399 1525 2498 cumligetz
1582 2400 1694 2476 vel
1747 2401 1834 2477 ad
1894 2403 2336 2492 postremum
2370 2455 2391 2486 ‚
2440 2403 2528 2476 ad
2571 2400 2927 2477 medicum
2979 2406 3229 2489 venis,-

1122 2494 1198 2576 δι’
1235 2501 1613 2576 medicinas
1655 2554 1675 2585 ,
1727 2523 1818 2576 eo
1864 2502 2145 2577 interim
2204 2506 2683 2599 contemptim
2729 2497 2984 2577 omlffo
3019 2535 3045 2586 ,-
3098 2504 3229 2601 qui

1122 2599 1482 2703 restituere
1524 2600 1757 2699 potest
1809 2598 2186 2699 sospitati„
2215 2647 2287 2693 ‚,.
2893 2629 2900 2636 ·

1226 2708 1290 2770 S·
1348 2701 1565 2787 Joun.
1618 2690 2094 2792 chrysostomis
2139 2696 2454 2778 Homilla
2502 2702 2660 2787 8.in
2696 2692 3080 2798 Epistolam
3136 2699 3228 2777 ad
3294 2705 3305 2715 '

1126 2798 1565 2878 Coloffenses
1604 2854 1626 2886 .
1703 2801 1795 2877 de
1852 2801 2147 2878 muliere
2222 2801 2587 2879 christiana
2631 2802 2977 2900 loquens,
3025 2803 3226 2894 cujus

1124 2898 1306 2979 filius
1347 2899 1739 2997 periculose
1775 2918 2080 2998 aegrotat
2119 2924 2137 2978 ε
2182 2950 2225 2995 ,
2250 2957 2294 2993 „
2351 2900 2583 2978 lnfans
2617 2903 2641 2990 <
2674 2907 2890 2992 inquit
2921 2906 2955 2987 )
2994 2925 3231 2995 aegro·-

1123 3003 1359 3093 tavit3
1423 3024 1573 3079 non
1618 3000 1785 3077 feeit
1819 3002 2122 3079 amuleta
2152 3057 2172 3087 ,
2227 3017 2591 3098 reputatur
2637 3006 2700 3077 ei
2743 2999 3227 3100 Martyrium,

1122 3117 1367 3177 mente
1408 3102 1599 3177 enim
1659 3099 2064 3177 sacrificavit
2114 3100 2359 3178 filiuni·
2415 3100 2616 3196 Quid
2664 3105 2852 3176 enim
2902 3102 3089 3176 stilla
3118 3105 3228 3176 ni-

1117 3186 1220 3279 hil
1265 3199 1605 3296 prosunt,
1655 3199 1767 3277 sed
1815 3200 1976 3278 sunt
2028 3202 2474 3298 imposturae,
2526 3203 2596 3275 ἃ.
2637 3200 2993 3281 ludibria?
3037 3200 3222 3278 Sunt

1116 3314 1401 3385 tamen,
1455 3302 1576 3396 qui
1617 3298 1907 3377 suadent
1941 3325 2020 3378 ea
2066 3300 2407 3396 prodeffe.
2470 3301 2553 3377 Et
2592 3300 2837 3375 maluit
2878 3300 3222 3379 infantem
