<?xml version="1.0" encoding="UTF-8"?>
<!DOCTYPE html PUBLIC "-//W3C//DTD XHTML 1.0 Transitional//EN"
    "http://www.w3.org/TR/xhtml1/DTD/xhtml1-transitional.dtd">
<html xmlns="http://www.w3.org/1999/xhtml" xml:lang="en" lang="en">
 <head>
  <title>
</title>
<meta http-equiv="Content-Type" content="text/html;charset=utf-8" />
  <meta name='ocr-system' content='tesseract 3.04.00' />
  <meta name='ocr-capabilities' content='ocr_page ocr_carea ocr_par ocr_line ocrx_word'/>
</head>
<body>
  <div class='ocr_page' id='page_1' title='image "./theologiadogmat08alexgoog_0416.png"; bbox 0 0 3792 5375; ppageno 0'>
   <div class='ocr_carea' id='block_1_1' title="bbox 332 422 1389 623">
    <p class='ocr_par' dir='ltr' id='par_1_1' title="bbox 332 422 1389 623">
     <span class='ocr_line' id='line_1_1' title="bbox 332 422 1389 623; baseline 0.003 -29"><span class='ocrx_word' id='word_1_1' title='bbox 332 560 335 564; x_wconf 84' lang='lat'><strong>·</strong></span> <span class='ocrx_word' id='word_1_2' title='bbox 441 502 531 595; x_wconf 84' lang='lat' dir='ltr'>De</span> <span class='ocrx_word' id='word_1_3' title='bbox 558 490 694 617; x_wconf 90' lang='lat' dir='ltr'>primo</span> <span class='ocrx_word' id='word_1_4' title='bbox 724 435 929 617; x_wconf 79' lang='lat' dir='ltr'>Decalogi</span> <span class='ocrx_word' id='word_1_5' title='bbox 957 506 1183 623; x_wconf 71' lang='lat' dir='ltr'>praecepto]</span> <span class='ocrx_word' id='word_1_6' title='bbox 1260 507 1347 619; x_wconf 70' lang='lat'>&#39;411</span> <span class='ocrx_word' id='word_1_7' title='bbox 1373 422 1389 456; x_wconf 48' lang='lat'><strong>·</strong></span> 
     </span>
    </p>
   </div>
   <div class='ocr_carea' id='block_1_2' title="bbox 286 672 1383 2065">
    <p class='ocr_par' dir='ltr' id='par_1_2' title="bbox 286 672 1479 2065">
     <span class='ocr_line' id='line_1_2' title="bbox 288 672 1350 778; baseline 0 -21"><span class='ocrx_word' id='word_1_8' title='bbox 288 700 380 778; x_wconf 83' lang='lat' dir='ltr'>pot,</span> <span class='ocrx_word' id='word_1_9' title='bbox 398 698 483 754; x_wconf 89' lang='lat' dir='ltr'>cum</span> <span class='ocrx_word' id='word_1_10' title='bbox 501 689 621 752; x_wconf 90' lang='lat' dir='ltr'>tamen</span> <span class='ocrx_word' id='word_1_11' title='bbox 646 675 844 768; x_wconf 84' lang='lat' dir='ltr'>commode</span> <span class='ocrx_word' id='word_1_12' title='bbox 860 672 992 772; x_wconf 85' lang='lat' dir='ltr'>poffint</span> <span class='ocrx_word' id='word_1_13' title='bbox 1008 679 1068 753; x_wconf 77' lang='lat' dir='ltr'>‚ec</span> <span class='ocrx_word' id='word_1_14' title='bbox 1091 675 1268 755; x_wconf 85' lang='lat' dir='ltr'>memores</span> <span class='ocrx_word' id='word_1_15' title='bbox 1281 677 1350 757; x_wconf 86' lang='lat' dir='ltr'>siut</span> 
     </span>
     <span class='ocr_line' id='line_1_3' title="bbox 287 776 1349 871; baseline -0.002 -16"><span class='ocrx_word' id='word_1_16' title='bbox 287 779 366 856; x_wconf 81' lang='lat' dir='ltr'>voti</span> <span class='ocrx_word' id='word_1_17' title='bbox 390 779 608 871; x_wconf 84' lang='lat' dir='ltr'>nuncupati3</span> <span class='ocrx_word' id='word_1_18' title='bbox 630 777 737 851; x_wconf 89' lang='lat' dir='ltr'>nimia</span> <span class='ocrx_word' id='word_1_19' title='bbox 759 791 878 851; x_wconf 88' lang='lat' dir='ltr'>autem</span> <span class='ocrx_word' id='word_1_20' title='bbox 905 800 1006 852; x_wconf 88' lang='lat' dir='ltr'>mora</span> <span class='ocrx_word' id='word_1_21' title='bbox 1025 776 1090 864; x_wconf 85' lang='lat' dir='ltr'>fir,</span> <span class='ocrx_word' id='word_1_22' title='bbox 1105 793 1145 853; x_wconf 91' lang='lat' dir='ltr'>ut</span> <span class='ocrx_word' id='word_1_23' title='bbox 1166 801 1185 851; x_wconf 90' lang='lat' dir='ltr'>e</span> <span class='ocrx_word' id='word_1_24' title='bbox 1207 801 1349 854; x_wconf 87' lang='lat' dir='ltr'>memo·</span> 
     </span>
     <span class='ocr_line' id='line_1_4' title="bbox 286 873 1350 971; baseline -0.004 -17"><span class='ocrx_word' id='word_1_25' title='bbox 286 883 336 954; x_wconf 91' lang='lat' dir='ltr'>ria</span> <span class='ocrx_word' id='word_1_26' title='bbox 355 875 521 957; x_wconf 82' lang='lat' dir='ltr'>excidat,</span> <span class='ocrx_word' id='word_1_27' title='bbox 538 873 595 949; x_wconf 85' lang='lat' dir='ltr'>vel</span> <span class='ocrx_word' id='word_1_28' title='bbox 617 878 833 971; x_wconf 81' lang='lat' dir='ltr'>impotentes</span> <span class='ocrx_word' id='word_1_29' title='bbox 853 875 1046 953; x_wconf 86' lang='lat' dir='ltr'>reddantur</span> <span class='ocrx_word' id='word_1_30' title='bbox 1068 878 1111 952; x_wconf 90' lang='lat' dir='ltr'>ad</span> <span class='ocrx_word' id='word_1_31' title='bbox 1134 893 1261 955; x_wconf 83' lang='lat' dir='ltr'>toturn</span> <span class='ocrx_word' id='word_1_32' title='bbox 1277 876 1350 966; x_wconf 82' lang='lat' dir='ltr'>sol-</span> 
     </span>
     <span class='ocr_line' id='line_1_5' title="bbox 288 967 1354 1073; baseline -0.001 -19"><span class='ocrx_word' id='word_1_33' title='bbox 288 976 476 1060; x_wconf 80' lang='lat' dir='ltr'>tendum,</span> <span class='ocrx_word' id='word_1_34' title='bbox 502 988 543 1050; x_wconf 93' lang='lat' dir='ltr'>ut</span> <span class='ocrx_word' id='word_1_35' title='bbox 561 974 656 1048; x_wconf 80' lang='lat' dir='ltr'>lenes</span> <span class='ocrx_word' id='word_1_36' title='bbox 691 972 734 1048; x_wconf 91' lang='lat' dir='ltr'>ad</span> <span class='ocrx_word' id='word_1_37' title='bbox 762 973 909 1069; x_wconf 87' lang='lat' dir='ltr'>longam</span> <span class='ocrx_word' id='word_1_38' title='bbox 934 979 1266 1073; x_wconf 82' lang='lat' dir='ltr'>peregrinationem.</span> <span class='ocrx_word' id='word_1_39' title='bbox 1295 967 1354 1053; x_wconf 83' lang='lat' dir='ltr'>Ut·</span> 
     </span>
     <span class='ocr_line' id='line_1_6' title="bbox 289 1071 1351 1171; baseline -0.005 -16"><span class='ocrx_word' id='word_1_40' title='bbox 289 1096 409 1155; x_wconf 87' lang='lat' dir='ltr'>autem</span> <span class='ocrx_word' id='word_1_41' title='bbox 442 1077 520 1150; x_wconf 87' lang='lat' dir='ltr'>voti</span> <span class='ocrx_word' id='word_1_42' title='bbox 541 1073 692 1149; x_wconf 87' lang='lat' dir='ltr'>redditio</span> <span class='ocrx_word' id='word_1_43' title='bbox 714 1073 869 1169; x_wconf 81' lang='lat' dir='ltr'>legitime</span> <span class='ocrx_word' id='word_1_44' title='bbox 885 1071 1066 1151; x_wconf 89' lang='lat' dir='ltr'>differatur</span> <span class='ocrx_word' id='word_1_45' title='bbox 1082 1104 1090 1149; x_wconf 68' lang='lat' dir='ltr'>r</span> <span class='ocrx_word' id='word_1_46' title='bbox 1107 1079 1157 1156; x_wconf 67' lang='lat' dir='ltr'>,ad</span> <span class='ocrx_word' id='word_1_47' title='bbox 1182 1075 1351 1171; x_wconf 81' lang='lat' dir='ltr'>Superio-</span> 
     </span>
     <span class='ocr_line' id='line_1_7' title="bbox 288 1171 1350 1268; baseline 0 -15"><span class='ocrx_word' id='word_1_48' title='bbox 288 1180 336 1253; x_wconf 87' lang='lat' dir='ltr'>ris</span> <span class='ocrx_word' id='word_1_49' title='bbox 361 1172 603 1258; x_wconf 77' lang='lat' dir='ltr'>aniloritatem</span> <span class='ocrx_word' id='word_1_50' title='bbox 619 1171 902 1268; x_wconf 85' lang='lat' dir='ltr'>confugiendum</span> <span class='ocrx_word' id='word_1_51' title='bbox 923 1174 983 1256; x_wconf 87' lang='lat' dir='ltr'>est,</span> <span class='ocrx_word' id='word_1_52' title='bbox 1010 1171 1131 1251; x_wconf 84' lang='lat' dir='ltr'>Debet</span> <span class='ocrx_word' id='word_1_53' title='bbox 1147 1192 1266 1252; x_wconf 89' lang='lat' dir='ltr'>autem</span> <span class='ocrx_word' id='word_1_54' title='bbox 1280 1178 1350 1253; x_wconf 85' lang='lat' dir='ltr'>Su·</span> 
     </span>
     <span class='ocr_line' id='line_1_8' title="bbox 286 1267 1383 1378; baseline -0.001 -27"><span class='ocrx_word' id='word_1_55' title='bbox 286 1277 438 1378; x_wconf 78' lang='lat' dir='ltr'>perior,</span> <span class='ocrx_word' id='word_1_56' title='bbox 467 1274 503 1347; x_wconf 94' lang='lat' dir='ltr'>id</span> <span class='ocrx_word' id='word_1_57' title='bbox 529 1272 576 1349; x_wconf 83' lang='lat' dir='ltr'>esi</span> <span class='ocrx_word' id='word_1_58' title='bbox 599 1270 753 1347; x_wconf 86' lang='lat' dir='ltr'>summus</span> <span class='ocrx_word' id='word_1_59' title='bbox 776 1268 966 1360; x_wconf 82' lang='lat' dir='ltr'>Pontifex,</span> <span class='ocrx_word' id='word_1_60' title='bbox 991 1275 1044 1350; x_wconf 87' lang='lat' dir='ltr'>vel</span> <span class='ocrx_word' id='word_1_61' title='bbox 1069 1272 1278 1373; x_wconf 83' lang='lat' dir='ltr'>Episcopus,</span> <span class='ocrx_word' id='word_1_62' title='bbox 1293 1291 1348 1351; x_wconf 85' lang='lat' dir='ltr'>at·</span> <span class='ocrx_word' id='word_1_63' title='bbox 1373 1267 1383 1354; x_wconf 73' lang='grc'>,’</span> 
     </span>
     <span class='ocr_line' id='line_1_9' title="bbox 290 1370 1365 1472; baseline -0.001 -20"><span class='ocrx_word' id='word_1_64' title='bbox 290 1376 437 1452; x_wconf 86' lang='lat' dir='ltr'>tendere</span> <span class='ocrx_word' id='word_1_65' title='bbox 461 1371 505 1447; x_wconf 93' lang='lat' dir='ltr'>ad</span> <span class='ocrx_word' id='word_1_66' title='bbox 528 1374 774 1469; x_wconf 77' lang='lat' dir='ltr'>impedimenti</span> <span class='ocrx_word' id='word_1_67' title='bbox 800 1372 963 1459; x_wconf 87' lang='lat' dir='ltr'>causam,</span> <span class='ocrx_word' id='word_1_68' title='bbox 988 1400 1032 1449; x_wconf 88' lang='lat' dir='ltr'>an</span> <span class='ocrx_word' id='word_1_69' title='bbox 1058 1375 1113 1451; x_wconf 92' lang='lat' dir='ltr'>illa</span> <span class='ocrx_word' id='word_1_70' title='bbox 1141 1370 1365 1472; x_wconf 59' lang='lat' dir='ltr'>unaporali&#39;a&#39;</span> 
     </span>
     <span class='ocr_line' id='line_1_10' title="bbox 289 1469 1347 1572; baseline 0.001 -21"><span class='ocrx_word' id='word_1_71' title='bbox 289 1474 356 1551; x_wconf 78' lang='lat' dir='ltr'>dt,</span> <span class='ocrx_word' id='word_1_72' title='bbox 376 1498 420 1548; x_wconf 90' lang='lat' dir='ltr'>an</span> <span class='ocrx_word' id='word_1_73' title='bbox 445 1491 626 1567; x_wconf 79' lang='lat' dir='ltr'>perpetua·</span> <span class='ocrx_word' id='word_1_74' title='bbox 653 1469 697 1547; x_wconf 85' lang='lat' dir='ltr'>Et</span> <span class='ocrx_word' id='word_1_75' title='bbox 717 1474 755 1546; x_wconf 91' lang='lat' dir='ltr'>iis</span> <span class='ocrx_word' id='word_1_76' title='bbox 785 1470 952 1566; x_wconf 87' lang='lat' dir='ltr'>quidem,</span> <span class='ocrx_word' id='word_1_77' title='bbox 970 1479 1031 1572; x_wconf 91' lang='lat' dir='ltr'>qui</span> <span class='ocrx_word' id='word_1_78' title='bbox 1052 1489 1257 1571; x_wconf 84' lang='lat' dir='ltr'>perpetuam</span> <span class='ocrx_word' id='word_1_79' title='bbox 1278 1477 1347 1551; x_wconf 73' lang='lat' dir='ltr'>ina·</span> 
     </span>
     <span class='ocr_line' id='line_1_11' title="bbox 286 1570 1347 1674; baseline -0.004 -25"><span class='ocrx_word' id='word_1_80' title='bbox 286 1574 485 1674; x_wconf 86' lang='lat' dir='ltr'>pedimenti</span> <span class='ocrx_word' id='word_1_81' title='bbox 516 1570 654 1647; x_wconf 87' lang='lat' dir='ltr'>causam</span> <span class='ocrx_word' id='word_1_82' title='bbox 680 1570 874 1647; x_wconf 90' lang='lat' dir='ltr'>creduntur</span> <span class='ocrx_word' id='word_1_83' title='bbox 899 1572 1028 1651; x_wconf 89' lang='lat' dir='ltr'>habere</span> <span class='ocrx_word' id='word_1_84' title='bbox 1051 1626 1063 1659; x_wconf 85' lang='lat'><strong>.</strong></span> <span class='ocrx_word' id='word_1_85' title='bbox 1085 1576 1133 1651; x_wconf 86' lang='lat' dir='ltr'>eil</span> <span class='ocrx_word' id='word_1_86' title='bbox 1154 1575 1347 1668; x_wconf 77' lang='lat' dir='ltr'>Redemptio</span> 
     </span>
     <span class='ocr_line' id='line_1_12' title="bbox 288 1670 1350 1770; baseline 0.007 -26"><span class='ocrx_word' id='word_1_87' title='bbox 288 1673 487 1766; x_wconf 81' lang='lat' dir='ltr'>injungenda</span> <span class='ocrx_word' id='word_1_88' title='bbox 505 1726 515 1757; x_wconf 92' lang='lat'>‚</span> <span class='ocrx_word' id='word_1_89' title='bbox 532 1670 590 1745; x_wconf 89' lang='lat' dir='ltr'>leu</span> <span class='ocrx_word' id='word_1_90' title='bbox 617 1672 855 1747; x_wconf 84' lang='lat' dir='ltr'>commutatio</span> <span class='ocrx_word' id='word_1_91' title='bbox 871 1725 883 1757; x_wconf 92' lang='lat'>,</span> <span class='ocrx_word' id='word_1_92' title='bbox 900 1689 962 1747; x_wconf 90' lang='lat' dir='ltr'>aut</span> <span class='ocrx_word' id='word_1_93' title='bbox 990 1671 1196 1770; x_wconf 80' lang='lat' dir='ltr'>dispensatio</span> <span class='ocrx_word' id='word_1_94' title='bbox 1216 1693 1350 1754; x_wconf 83' lang='lat' dir='ltr'>conco·</span> 
     </span>
     <span class='ocr_line' id='line_1_13' title="bbox 289 1768 1351 1869; baseline -0.006 -20"><span class='ocrx_word' id='word_1_95' title='bbox 289 1773 417 1849; x_wconf 86' lang='lat' dir='ltr'>denda·</span> <span class='ocrx_word' id='word_1_96' title='bbox 443 1768 511 1846; x_wconf 85' lang='lat' dir='ltr'>illie</span> <span class='ocrx_word' id='word_1_97' title='bbox 538 1793 649 1853; x_wconf 82' lang='lat' dir='ltr'>veto,</span> <span class='ocrx_word' id='word_1_98' title='bbox 666 1774 729 1869; x_wconf 91' lang='lat' dir='ltr'>qui</span> <span class='ocrx_word' id='word_1_99' title='bbox 752 1770 1009 1869; x_wconf 80' lang='lat' dir='ltr'>temporalem,</span> <span class='ocrx_word' id='word_1_100' title='bbox 1026 1774 1218 1867; x_wconf 79' lang='lat' dir='ltr'>indulgenda</span> <span class='ocrx_word' id='word_1_101' title='bbox 1240 1772 1351 1853; x_wconf 80' lang='lat' dir='ltr'>elidi.</span> 
     </span>
     <span class='ocr_line' id='line_1_14' title="bbox 288 1867 1350 1972; baseline -0.001 -27"><span class='ocrx_word' id='word_1_102' title='bbox 288 1877 373 1945; x_wconf 83' lang='lat' dir='ltr'>letio</span> <span class='ocrx_word' id='word_1_103' title='bbox 390 1867 406 1957; x_wconf 74' lang='lat'>&#39;,</span> <span class='ocrx_word' id='word_1_104' title='bbox 432 1889 472 1947; x_wconf 88' lang='lat' dir='ltr'>ut</span> <span class='ocrx_word' id='word_1_105' title='bbox 494 1867 685 1965; x_wconf 79' lang='lat' dir='ltr'>respondet</span> <span class='ocrx_word' id='word_1_106' title='bbox 711 1872 920 1941; x_wconf 82' lang='lat' dir='ltr'>Innocentius</span> <span class='ocrx_word' id='word_1_107' title='bbox 934 1874 1005 1941; x_wconf 84' lang='lat' dir='ltr'><em>III.</em></span> <span class='ocrx_word' id='word_1_108' title='bbox 1023 1893 1100 1972; x_wconf 84' lang='lat' dir='ltr'>cap.</span> <span class='ocrx_word' id='word_1_109' title='bbox 1127 1871 1237 1968; x_wconf 66' lang='lat' dir='ltr'>Qud</span> <span class='ocrx_word' id='word_1_110' title='bbox 1250 1874 1350 1969; x_wconf 69' lang='lat' dir='ltr'>super</span> 
     </span>
     <span class='ocr_line' id='line_1_15' title="bbox 290 1968 1119 2065; baseline -0.001 -20"><span class='ocrx_word' id='word_1_111' title='bbox 290 1972 365 2059; x_wconf 80' lang='lat' dir='ltr'>ors,</span> <span class='ocrx_word' id='word_1_112' title='bbox 385 1969 512 2057; x_wconf 74' lang='lat' dir='ltr'>Extra,</span> <span class='ocrx_word' id='word_1_113' title='bbox 526 1972 580 2043; x_wconf 85' lang='lat' dir='ltr'>oe</span> <span class='ocrx_word' id='word_1_114' title='bbox 600 1968 711 2048; x_wconf 77' lang='lat' dir='ltr'>Vno.</span> <span class='ocrx_word' id='word_1_115' title='bbox 730 1972 773 2043; x_wconf 67' lang='lat' dir='ltr'>d*</span> <span class='ocrx_word' id='word_1_116' title='bbox 794 1976 870 2041; x_wconf 82' lang='lat' dir='ltr'>voti</span> <span class='ocrx_word' id='word_1_117' title='bbox 889 1973 1119 2065; x_wconf 78' lang='lat' dir='ltr'>redemptione.</span> 
     </span>
    </p>
   </div>
   <div class='ocr_carea' id='block_1_3' title="bbox 378 2146 1086 2272">
    <p class='ocr_par' dir='ltr' id='par_1_3' title="bbox 378 2146 1086 2272">
     <span class='ocr_line' id='line_1_16' title="bbox 378 2146 1086 2272; baseline -0.011 -40"><span class='ocrx_word' id='word_1_118' title='bbox 378 2157 387 2165; x_wconf 94' lang='lat'><strong>·</strong></span> <span class='ocrx_word' id='word_1_119' title='bbox 467 2149 887 2272; x_wconf 50' lang='lat' dir='ltr'>&gt;aeonae</span> <span class='ocrx_word' id='word_1_120' title='bbox 941 2146 1086 2233; x_wconf 84' lang='lat' dir='ltr'>vrrr.</span> 
     </span>
    </p>
   </div>
   <div class='ocr_carea' id='block_1_4' title="bbox 287 2310 1490 2711">
    <p class='ocr_par' dir='ltr' id='par_1_4' title="bbox 287 2310 1490 2711">
     <span class='ocr_line' id='line_1_17' title="bbox 287 2310 1349 2411; baseline 0.003 -21"><span class='ocrx_word' id='word_1_121' title='bbox 287 2313 370 2411; x_wconf 73' lang='lat' dir='ltr'>‚Qui</span> <span class='ocrx_word' id='word_1_122' title='bbox 392 2310 437 2387; x_wconf 89' lang='lat' dir='ltr'>ad</span> <span class='ocrx_word' id='word_1_123' title='bbox 464 2325 591 2389; x_wconf 80' lang='lat' dir='ltr'>totum</span> <span class='ocrx_word' id='word_1_124' title='bbox 620 2311 841 2411; x_wconf 89' lang='lat' dir='ltr'>implendum</span> <span class='ocrx_word' id='word_1_125' title='bbox 866 2310 977 2387; x_wconf 75' lang='lat' dir='ltr'>frons</span> <span class='ocrx_word' id='word_1_126' title='bbox 1002 2312 1052 2389; x_wconf 81' lang='lat' dir='ltr'>eli</span> <span class='ocrx_word' id='word_1_127' title='bbox 1075 2314 1277 2409; x_wconf 84' lang='lat' dir='ltr'>impotem,</span> <span class='ocrx_word' id='word_1_128' title='bbox 1297 2310 1349 2393; x_wconf 63' lang='lat' dir='ltr'>fv</span> 
     </span>
     <span class='ocr_line' id='line_1_18' title="bbox 341 2411 1347 2514; baseline 0.002 -24"><span class='ocrx_word' id='word_1_129' title='bbox 341 2435 421 2490; x_wconf 87' lang='lat' dir='ltr'>cere</span> <span class='ocrx_word' id='word_1_130' title='bbox 437 2411 566 2497; x_wconf 84' lang='lat' dir='ltr'>debet,</span> <span class='ocrx_word' id='word_1_131' title='bbox 588 2413 689 2511; x_wconf 91' lang='lat' dir='ltr'>qood</span> <span class='ocrx_word' id='word_1_132' title='bbox 711 2412 826 2508; x_wconf 87' lang='lat' dir='ltr'>potest</span> <span class='ocrx_word' id='word_1_133' title='bbox 836 2436 848 2505; x_wconf 91' lang='lat'>;</span> <span class='ocrx_word' id='word_1_134' title='bbox 864 2412 998 2509; x_wconf 79' lang='lat' dir='ltr'>alioqui</span> <span class='ocrx_word' id='word_1_135' title='bbox 1014 2411 1186 2489; x_wconf 86' lang='lat' dir='ltr'>lethaliter</span> <span class='ocrx_word' id='word_1_136' title='bbox 1200 2428 1347 2514; x_wconf 83' lang='lat' dir='ltr'>peceat,</span> 
     </span>
     <span class='ocr_line' id='line_1_19' title="bbox 344 2513 1490 2711; baseline 0.003 -123"><span class='ocrx_word' id='word_1_137' title='bbox 344 2514 488 2711; x_wconf 50' lang='lat' dir='ltr'>{legger</span> <span class='ocrx_word' id='word_1_138' title='bbox 505 2516 579 2608; x_wconf 87' lang='lat' dir='ltr'>agit</span> <span class='ocrx_word' id='word_1_139' title='bbox 598 2527 727 2588; x_wconf 84' lang='lat' dir='ltr'>eontra</span> <span class='ocrx_word' id='word_1_140' title='bbox 740 2529 867 2590; x_wconf 84' lang='lat' dir='ltr'>totum</span> <span class='ocrx_word' id='word_1_141' title='bbox 885 2515 922 2589; x_wconf 88' lang='lat' dir='ltr'>in</span> <span class='ocrx_word' id='word_1_142' title='bbox 939 2534 1006 2599; x_wconf 83' lang='lat' dir='ltr'>eo.</span> <span class='ocrx_word' id='word_1_143' title='bbox 1030 2513 1132 2612; x_wconf 91' lang='lat' dir='ltr'>quod</span> <span class='ocrx_word' id='word_1_144' title='bbox 1151 2515 1266 2612; x_wconf 81' lang='lat' dir='ltr'>poteii</span> <span class='ocrx_word' id='word_1_145' title='bbox 1278 2515 1346 2591; x_wconf 85' lang='lat' dir='ltr'>int·</span> <span class='ocrx_word' id='word_1_146' title='bbox 1487 2550 1490 2568; x_wconf 90' lang='lat'>·</span> 
     </span>
    </p>
   </div>
   <div class='ocr_carea' id='block_1_5' title="bbox 294 2765 1486 4643">
    <p class='ocr_par' dir='ltr' id='par_1_5' title="bbox 294 2765 1415 3567">
     <span class='ocr_line' id='line_1_20' title="bbox 294 2765 1346 2932; baseline -0.002 -84"><span class='ocrx_word' id='word_1_147' title='bbox 294 2773 451 2932; x_wconf 84' lang='lat' dir='ltr'>Hanc</span> <span class='ocrx_word' id='word_1_148' title='bbox 473 2767 649 2868; x_wconf 82' lang='lat' dir='ltr'>Regulam</span> <span class='ocrx_word' id='word_1_149' title='bbox 674 2767 778 2847; x_wconf 88' lang='lat' dir='ltr'>tradit</span> <span class='ocrx_word' id='word_1_150' title='bbox 799 2765 1001 2857; x_wconf 68' lang='lat' dir='ltr'>asianae,</span> <span class='ocrx_word' id='word_1_151' title='bbox 1015 2784 1048 2842; x_wconf 53' lang='lat' dir='ltr'>a,</span> <span class='ocrx_word' id='word_1_152' title='bbox 1066 2787 1103 2850; x_wconf 81' lang='lat' dir='ltr'>a,</span> <span class='ocrx_word' id='word_1_153' title='bbox 1127 2795 1190 2872; x_wconf 89' lang='lat' dir='ltr'>qu.</span> <span class='ocrx_word' id='word_1_154' title='bbox 1204 2775 1262 2857; x_wconf 83' lang='lat'>88.</span> <span class='ocrx_word' id='word_1_155' title='bbox 1279 2783 1346 2848; x_wconf 78' lang='lat' dir='ltr'>art</span> 
     </span>
     <span class='ocr_line' id='line_1_21' title="bbox 341 2867 1348 2964; baseline -0.002 -17"><span class='ocrx_word' id='word_1_156' title='bbox 341 2915 349 2931; x_wconf 89' lang='lat'><strong>·</strong></span> <span class='ocrx_word' id='word_1_157' title='bbox 406 2892 437 2960; x_wconf 83' lang='lat'>3.</span> <span class='ocrx_word' id='word_1_158' title='bbox 468 2877 503 2947; x_wconf 94' lang='lat' dir='ltr'>iu</span> <span class='ocrx_word' id='word_1_159' title='bbox 527 2867 753 2964; x_wconf 83' lang='lat' dir='ltr'>responsione</span> <span class='ocrx_word' id='word_1_160' title='bbox 779 2871 823 2945; x_wconf 91' lang='lat' dir='ltr'>ad</span> <span class='ocrx_word' id='word_1_161' title='bbox 849 2869 1068 2949; x_wconf 64' lang='lat' dir='ltr'>secunduma</span> <span class='ocrx_word' id='word_1_162' title='bbox 1088 2927 1147 2963; x_wconf 68' lang='lat' dir='ltr'>„a</span> <span class='ocrx_word' id='word_1_163' title='bbox 1177 2872 1212 2953; x_wconf 87' lang='lat' dir='ltr'>Si</span> <span class='ocrx_word' id='word_1_164' title='bbox 1231 2870 1348 2958; x_wconf 82' lang='lat' dir='ltr'>illud,</span> 
     </span>
     <span class='ocr_line' id='line_1_22' title="bbox 295 2960 1348 3070; baseline -0.004 -22"><span class='ocrx_word' id='word_1_165' title='bbox 295 2972 396 3070; x_wconf 92' lang='lat' dir='ltr'>quod</span> <span class='ocrx_word' id='word_1_166' title='bbox 419 2974 497 3066; x_wconf 84' lang='lat' dir='ltr'>quir</span> <span class='ocrx_word' id='word_1_167' title='bbox 527 2976 651 3047; x_wconf 77' lang='lat' dir='ltr'>vovit.</span> <span class='ocrx_word' id='word_1_168' title='bbox 674 2993 721 3045; x_wconf 84' lang='lat' dir='ltr'>ere</span> <span class='ocrx_word' id='word_1_169' title='bbox 741 2993 955 3068; x_wconf 87' lang='lat' dir='ltr'>quacunque</span> <span class='ocrx_word' id='word_1_170' title='bbox 985 2969 1048 3045; x_wconf 85' lang='lat' dir='ltr'>alia</span> <span class='ocrx_word' id='word_1_171' title='bbox 1072 2968 1170 3046; x_wconf 89' lang='lat' dir='ltr'>causa</span> <span class='ocrx_word' id='word_1_172' title='bbox 1188 2975 1236 3047; x_wconf 92' lang='lat' dir='ltr'>im</span> <span class='ocrx_word' id='word_1_173' title='bbox 1266 2960 1348 3044; x_wconf 79' lang='lat' dir='ltr'>osli-</span> 
     </span>
     <span class='ocr_line' id='line_1_23' title="bbox 294 2994 1348 3167; baseline -0.003 -19"><span class='ocrx_word' id='word_1_174' title='bbox 294 3072 364 3149; x_wconf 90' lang='lat' dir='ltr'>bile</span> <span class='ocrx_word' id='word_1_175' title='bbox 387 3074 571 3153; x_wconf 82' lang='lat' dir='ltr'>reddatur,</span> <span class='ocrx_word' id='word_1_176' title='bbox 598 3071 704 3145; x_wconf 89' lang='lat' dir='ltr'>debet</span> <span class='ocrx_word' id='word_1_177' title='bbox 724 3069 797 3146; x_wconf 89' lang='lat' dir='ltr'>boc</span> <span class='ocrx_word' id='word_1_178' title='bbox 823 3069 936 3144; x_wconf 85' lang='lat' dir='ltr'>facere</span> <span class='ocrx_word' id='word_1_179' title='bbox 951 3114 960 3144; x_wconf 66' lang='lat'>2</span> <span class='ocrx_word' id='word_1_180' title='bbox 975 3070 1075 3167; x_wconf 90' lang='lat' dir='ltr'>quod</span> <span class='ocrx_word' id='word_1_181' title='bbox 1098 3072 1134 3145; x_wconf 91' lang='lat' dir='ltr'>in</span> <span class='ocrx_word' id='word_1_182' title='bbox 1156 3069 1188 3144; x_wconf 88' lang='lat' dir='ltr'>le</span> <span class='ocrx_word' id='word_1_183' title='bbox 1211 2994 1283 3153; x_wconf 79' lang='lat' dir='ltr'>eil,</span> <span class='ocrx_word' id='word_1_184' title='bbox 1305 3080 1348 3145; x_wconf 79' lang='lat' dir='ltr'>ot</span> 
     </span>
     <span class='ocr_line' id='line_1_24' title="bbox 295 3164 1350 3266; baseline -0.002 -19"><span class='ocrx_word' id='word_1_185' title='bbox 295 3172 412 3248; x_wconf 88' lang='lat' dir='ltr'>saltem</span> <span class='ocrx_word' id='word_1_186' title='bbox 431 3171 556 3247; x_wconf 89' lang='lat' dir='ltr'>habeat</span> <span class='ocrx_word' id='word_1_187' title='bbox 585 3183 792 3266; x_wconf 88' lang='lat' dir='ltr'>promptam</span> <span class='ocrx_word' id='word_1_188' title='bbox 822 3171 1045 3246; x_wconf 88' lang='lat' dir='ltr'>voluntatem</span> <span class='ocrx_word' id='word_1_189' title='bbox 1079 3168 1225 3245; x_wconf 81' lang='lat' dir='ltr'>faciendi</span> <span class='ocrx_word' id='word_1_190' title='bbox 1245 3164 1350 3263; x_wconf 81' lang='lat' dir='ltr'>quod</span> 
     </span>
     <span class='ocr_line' id='line_1_25' title="bbox 297 3265 1415 3366; baseline -0.004 -18"><span class='ocrx_word' id='word_1_191' title='bbox 297 3271 424 3366; x_wconf 78' lang='lat' dir='ltr'>potest·</span> <span class='ocrx_word' id='word_1_192' title='bbox 467 3269 569 3346; x_wconf 87' lang='lat' dir='ltr'>Unde</span> <span class='ocrx_word' id='word_1_193' title='bbox 598 3268 680 3354; x_wconf 89' lang='lat' dir='ltr'>ille,</span> <span class='ocrx_word' id='word_1_194' title='bbox 705 3271 893 3366; x_wconf 72' lang='lat' dir='ltr'>quinovit</span> <span class='ocrx_word' id='word_1_195' title='bbox 920 3269 1172 3346; x_wconf 83' lang='lat' dir='ltr'>monasterium</span> <span class='ocrx_word' id='word_1_196' title='bbox 1202 3265 1350 3366; x_wconf 85' lang='lat' dir='ltr'>aliquod</span> <span class='ocrx_word' id='word_1_197' title='bbox 1398 3290 1415 3353; x_wconf 66' lang='lat' dir='ltr'><strong><em>fi</em></strong></span> 
     </span>
     <span class='ocr_line' id='line_1_26' title="bbox 295 3367 1351 3465; baseline -0.003 -18"><span class='ocrx_word' id='word_1_198' title='bbox 295 3374 448 3456; x_wconf 85' lang='lat' dir='ltr'>intrare.</span> <span class='ocrx_word' id='word_1_199' title='bbox 473 3371 578 3446; x_wconf 88' lang='lat' dir='ltr'>debet</span> <span class='ocrx_word' id='word_1_200' title='bbox 599 3370 681 3443; x_wconf 87' lang='lat' dir='ltr'>dare</span> <span class='ocrx_word' id='word_1_201' title='bbox 703 3387 1055 3465; x_wconf 74' lang='lat' dir='ltr'>operamquantum</span> <span class='ocrx_word' id='word_1_202' title='bbox 1082 3370 1197 3464; x_wconf 83' lang='lat' dir='ltr'>potest</span> <span class='ocrx_word' id='word_1_203' title='bbox 1211 3412 1220 3444; x_wconf 67' lang='lat'><em>2</em></span> <span class='ocrx_word' id='word_1_204' title='bbox 1236 3385 1275 3444; x_wconf 94' lang='lat' dir='ltr'>ut</span> <span class='ocrx_word' id='word_1_205' title='bbox 1300 3367 1351 3444; x_wconf 85' lang='lat' dir='ltr'>ibi</span> 
     </span>
     <span class='ocr_line' id='line_1_27' title="bbox 296 3465 1350 3567; baseline 0 -23"><span class='ocrx_word' id='word_1_206' title='bbox 296 3473 495 3567; x_wconf 84' lang='lat' dir='ltr'>recipiatur·</span> <span class='ocrx_word' id='word_1_207' title='bbox 524 3468 566 3544; x_wconf 85' lang='lat' dir='ltr'>Et</span> <span class='ocrx_word' id='word_1_208' title='bbox 588 3469 610 3543; x_wconf 92' lang='lat' dir='ltr'>li</span> <span class='ocrx_word' id='word_1_209' title='bbox 633 3470 778 3564; x_wconf 88' lang='lat' dir='ltr'>quidem</span> <span class='ocrx_word' id='word_1_210' title='bbox 796 3472 945 3543; x_wconf 90' lang='lat' dir='ltr'>intentio</span> <span class='ocrx_word' id='word_1_211' title='bbox 967 3470 1040 3560; x_wconf 74' lang='lat' dir='ltr'>eiua</span> <span class='ocrx_word' id='word_1_212' title='bbox 1058 3468 1125 3545; x_wconf 91' lang='lat' dir='ltr'>suit</span> <span class='ocrx_word' id='word_1_213' title='bbox 1144 3465 1177 3542; x_wconf 87' lang='lat' dir='ltr'>se</span> <span class='ocrx_word' id='word_1_214' title='bbox 1191 3467 1350 3564; x_wconf 78' lang='lat' dir='ltr'>obligare</span> 
     </span>
    </p>

    <p class='ocr_par' dir='ltr' id='par_1_6' title="bbox 297 3565 1348 3767">
     <span class='ocr_line' id='line_1_28' title="bbox 297 3565 1348 3665; baseline -0.001 -21"><span class='ocrx_word' id='word_1_215' title='bbox 297 3570 340 3645; x_wconf 92' lang='lat' dir='ltr'>ad</span> <span class='ocrx_word' id='word_1_216' title='bbox 377 3570 556 3665; x_wconf 77' lang='lat' dir='ltr'>religionis</span> <span class='ocrx_word' id='word_1_217' title='bbox 581 3565 770 3662; x_wconf 88' lang='lat' dir='ltr'>ingressum</span> <span class='ocrx_word' id='word_1_218' title='bbox 799 3568 1069 3665; x_wconf 75' lang='lat' dir='ltr'>principaliter,</span> <span class='ocrx_word' id='word_1_219' title='bbox 1098 3570 1134 3643; x_wconf 82' lang='lat' dir='ltr'>da</span> <span class='ocrx_word' id='word_1_220' title='bbox 1155 3591 1201 3643; x_wconf 85' lang='lat' dir='ltr'>err</span> <span class='ocrx_word' id='word_1_221' title='bbox 1224 3569 1348 3644; x_wconf 79' lang='lat' dir='ltr'>conl&#39;e·</span> 
     </span>
     <span class='ocr_line' id='line_1_29' title="bbox 297 3661 1347 3765; baseline 0.001 -20"><span class='ocrx_word' id='word_1_222' title='bbox 297 3671 421 3765; x_wconf 86' lang='lat' dir='ltr'>quenti</span> <span class='ocrx_word' id='word_1_223' title='bbox 435 3670 540 3764; x_wconf 88' lang='lat' dir='ltr'>elegit</span> <span class='ocrx_word' id='word_1_224' title='bbox 555 3666 646 3744; x_wconf 89' lang='lat' dir='ltr'>hanc</span> <span class='ocrx_word' id='word_1_225' title='bbox 666 3670 898 3763; x_wconf 78' lang='lat' dir='ltr'>religionem,</span> <span class='ocrx_word' id='word_1_226' title='bbox 913 3664 969 3742; x_wconf 89' lang='lat' dir='ltr'>vel</span> <span class='ocrx_word' id='word_1_227' title='bbox 982 3667 1234 3754; x_wconf 80' lang='lat' dir='ltr'>nouolutum,</span> <span class='ocrx_word' id='word_1_228' title='bbox 1249 3661 1347 3765; x_wconf 80' lang='lat' dir='ltr'>quad</span> 
     </span>
    </p>

    <p class='ocr_par' dir='ltr' id='par_1_7' title="bbox 298 3765 1349 3964">
     <span class='ocr_line' id='line_1_30' title="bbox 298 3765 1347 3865; baseline 0 -22"><span class='ocrx_word' id='word_1_229' title='bbox 298 3767 360 3843; x_wconf 80' lang='lat' dir='ltr'>fibi</span> <span class='ocrx_word' id='word_1_230' title='bbox 383 3773 492 3864; x_wconf 84' lang='lat' dir='ltr'>magis</span> <span class='ocrx_word' id='word_1_231' title='bbox 516 3785 803 3865; x_wconf 85' lang='lat' dir='ltr'>congruentem,</span> <span class='ocrx_word' id='word_1_232' title='bbox 830 3782 992 3850; x_wconf 88' lang='lat' dir='ltr'>tenetur,</span> <span class='ocrx_word' id='word_1_233' title='bbox 1015 3765 1039 3843; x_wconf 85' lang='lat' dir='ltr'>fi</span> <span class='ocrx_word' id='word_1_234' title='bbox 1062 3793 1136 3845; x_wconf 93' lang='lat' dir='ltr'>non</span> <span class='ocrx_word' id='word_1_235' title='bbox 1160 3769 1277 3865; x_wconf 81' lang='lat' dir='ltr'>potest</span> <span class='ocrx_word' id='word_1_236' title='bbox 1297 3768 1347 3843; x_wconf 79' lang='lat' dir='ltr'>ibi</span> 
     </span>
     <span class='ocr_line' id='line_1_31' title="bbox 298 3867 1349 3964; baseline -0.003 -22"><span class='ocrx_word' id='word_1_237' title='bbox 298 3870 427 3964; x_wconf 71' lang='lat' dir='ltr'>recipi,</span> <span class='ocrx_word' id='word_1_238' title='bbox 447 3869 547 3943; x_wconf 86' lang='lat' dir='ltr'>aliam</span> <span class='ocrx_word' id='word_1_239' title='bbox 568 3868 778 3964; x_wconf 80' lang='lat' dir='ltr'>religionem</span> <span class='ocrx_word' id='word_1_240' title='bbox 797 3872 937 3943; x_wconf 86' lang='lat' dir='ltr'>intrare.</span> <span class='ocrx_word' id='word_1_241' title='bbox 964 3867 999 3944; x_wconf 87' lang='lat' dir='ltr'>Si</span> <span class='ocrx_word' id='word_1_242' title='bbox 1025 3889 1143 3946; x_wconf 88' lang='lat' dir='ltr'>autern</span> <span class='ocrx_word' id='word_1_243' title='bbox 1172 3870 1349 3964; x_wconf 88' lang='lat' dir='ltr'>principa-</span> 
     </span>
    </p>

    <p class='ocr_par' dir='ltr' id='par_1_8' title="bbox 297 3962 1352 4067">
     <span class='ocr_line' id='line_1_32' title="bbox 297 3962 1352 4067; baseline -0.003 -25"><span class='ocrx_word' id='word_1_244' title='bbox 297 3967 378 4042; x_wconf 91' lang='lat' dir='ltr'>liter</span> <span class='ocrx_word' id='word_1_245' title='bbox 411 3969 561 4043; x_wconf 90' lang='lat' dir='ltr'>intendit</span> <span class='ocrx_word' id='word_1_246' title='bbox 587 3968 619 4042; x_wconf 90' lang='lat' dir='ltr'>le</span> <span class='ocrx_word' id='word_1_247' title='bbox 645 3969 803 4062; x_wconf 88' lang='lat' dir='ltr'>obligare</span> <span class='ocrx_word' id='word_1_248' title='bbox 833 3969 877 4042; x_wconf 92' lang='lat' dir='ltr'>ad</span> <span class='ocrx_word' id='word_1_249' title='bbox 904 3968 996 4043; x_wconf 77' lang='lat' dir='ltr'>lianc</span> <span class='ocrx_word' id='word_1_250' title='bbox 1028 3970 1267 4067; x_wconf 83' lang='lat' dir='ltr'>religionem,</span> <span class='ocrx_word' id='word_1_251' title='bbox 1291 3962 1352 4040; x_wconf 86' lang='lat' dir='ltr'>vel</span> 
     </span>
    </p>

    <p class='ocr_par' dir='ltr' id='par_1_9' title="bbox 295 4066 1405 4264">
     <span class='ocr_line' id='line_1_33' title="bbox 295 4066 1405 4164; baseline -0.006 -17"><span class='ocrx_word' id='word_1_252' title='bbox 295 4069 342 4147; x_wconf 76' lang='lat' dir='ltr'>ad</span> <span class='ocrx_word' id='word_1_253' title='bbox 359 4066 471 4155; x_wconf 25' lang='lat' dir='ltr'>,none</span> <span class='ocrx_word' id='word_1_254' title='bbox 491 4068 613 4144; x_wconf 85' lang='lat' dir='ltr'>locum</span> <span class='ocrx_word' id='word_1_255' title='bbox 636 4122 646 4151; x_wconf 92' lang='lat'>‚</span> <span class='ocrx_word' id='word_1_256' title='bbox 670 4082 818 4162; x_wconf 88' lang='lat' dir='ltr'>propter</span> <span class='ocrx_word' id='word_1_257' title='bbox 844 4067 1026 4162; x_wconf 88' lang='lat' dir='ltr'>specialem</span> <span class='ocrx_word' id='word_1_258' title='bbox 1049 4067 1349 4164; x_wconf 80' lang='lat' dir='ltr'>complacentiam</span> <span class='ocrx_word' id='word_1_259' title='bbox 1401 4115 1405 4124; x_wconf 88' lang='lat'><em>-</em></span> 
     </span>
     <span class='ocr_line' id='line_1_34' title="bbox 295 4164 1350 4264; baseline -0.004 -21"><span class='ocrx_word' id='word_1_260' title='bbox 295 4164 403 4264; x_wconf 81' lang='lat' dir='ltr'>hujus</span> <span class='ocrx_word' id='word_1_261' title='bbox 426 4169 628 4264; x_wconf 82' lang='lat' dir='ltr'>religionis,</span> <span class='ocrx_word' id='word_1_262' title='bbox 650 4169 704 4241; x_wconf 85' lang='lat' dir='ltr'>uel</span> <span class='ocrx_word' id='word_1_263' title='bbox 722 4166 793 4239; x_wconf 91' lang='lat' dir='ltr'>loci</span> <span class='ocrx_word' id='word_1_264' title='bbox 814 4220 827 4249; x_wconf 96' lang='lat'>,</span> <span class='ocrx_word' id='word_1_265' title='bbox 846 4189 919 4241; x_wconf 91' lang='lat' dir='ltr'>noo</span> <span class='ocrx_word' id='word_1_266' title='bbox 949 4185 1088 4241; x_wconf 86' lang='lat' dir='ltr'>tenetur</span> <span class='ocrx_word' id='word_1_267' title='bbox 1107 4166 1185 4240; x_wconf 90' lang='lat' dir='ltr'>alibi</span> <span class='ocrx_word' id='word_1_268' title='bbox 1210 4164 1350 4259; x_wconf 90' lang='lat' dir='ltr'>religio·</span> 
     </span>
    </p>

    <p class='ocr_par' dir='ltr' id='par_1_10' title="bbox 297 4261 1349 4359">
     <span class='ocr_line' id='line_1_35' title="bbox 297 4261 1349 4359; baseline -0.01 -18"><span class='ocrx_word' id='word_1_269' title='bbox 297 4292 381 4342; x_wconf 82' lang='lat' dir='ltr'>neni</span> <span class='ocrx_word' id='word_1_270' title='bbox 402 4271 549 4350; x_wconf 89' lang='lat' dir='ltr'>intrare,</span> <span class='ocrx_word' id='word_1_271' title='bbox 576 4267 599 4342; x_wconf 85' lang='lat' dir='ltr'>sa</span> <span class='ocrx_word' id='word_1_272' title='bbox 623 4290 703 4342; x_wconf 92' lang='lat' dir='ltr'>eum</span> <span class='ocrx_word' id='word_1_273' title='bbox 723 4263 771 4338; x_wconf 89' lang='lat' dir='ltr'>illi</span> <span class='ocrx_word' id='word_1_274' title='bbox 797 4268 952 4359; x_wconf 89' lang='lat' dir='ltr'>recipere</span> <span class='ocrx_word' id='word_1_275' title='bbox 974 4265 1113 4339; x_wconf 85' lang='lat' dir='ltr'>nolunt·</span> <span class='ocrx_word' id='word_1_276' title='bbox 1140 4261 1177 4338; x_wconf 88' lang='lat' dir='ltr'>Si</span> <span class='ocrx_word' id='word_1_277' title='bbox 1198 4266 1349 4339; x_wconf 90' lang='lat' dir='ltr'>veroin.</span> 
     </span>
    </p>

    <p class='ocr_par' dir='ltr' id='par_1_11' title="bbox 297 4365 1486 4643">
     <span class='ocr_line' id='line_1_36' title="bbox 297 4365 1486 4463; baseline -0.003 -19"><span class='ocrx_word' id='word_1_278' title='bbox 297 4369 385 4444; x_wconf 90' lang='lat' dir='ltr'>cidit</span> <span class='ocrx_word' id='word_1_279' title='bbox 405 4372 440 4442; x_wconf 92' lang='lat' dir='ltr'>in</span> <span class='ocrx_word' id='word_1_280' title='bbox 461 4367 768 4463; x_wconf 87' lang='lat' dir='ltr'>impossibilitatem</span> <span class='ocrx_word' id='word_1_281' title='bbox 793 4365 964 4459; x_wconf 89' lang='lat' dir='ltr'>implendi</span> <span class='ocrx_word' id='word_1_282' title='bbox 987 4383 1113 4439; x_wconf 85' lang='lat' dir='ltr'>totum</span> <span class='ocrx_word' id='word_1_283' title='bbox 1134 4385 1180 4437; x_wconf 85' lang='lat' dir='ltr'>ex</span> <span class='ocrx_word' id='word_1_284' title='bbox 1201 4367 1349 4460; x_wconf 79' lang='lat' dir='ltr'>propria</span> <span class='ocrx_word' id='word_1_285' title='bbox 1481 4430 1486 4440; x_wconf 91' lang='lat'>.</span> 
     </span>
     <span class='ocr_line' id='line_1_37' title="bbox 299 4463 1409 4643; baseline -0.003 -97"><span class='ocrx_word' id='word_1_286' title='bbox 299 4466 405 4564; x_wconf 86' lang='lat' dir='ltr'>culpa</span> <span class='ocrx_word' id='word_1_287' title='bbox 426 4483 566 4549; x_wconf 86' lang='lat' dir='ltr'>tenetur</span> <span class='ocrx_word' id='word_1_288' title='bbox 581 4467 721 4567; x_wconf 84' lang='lat' dir='ltr'>insuper</span> <span class='ocrx_word' id='word_1_289' title='bbox 743 4464 788 4543; x_wconf 89' lang='lat' dir='ltr'>de</span> <span class='ocrx_word' id='word_1_290' title='bbox 800 4465 943 4564; x_wconf 83' lang='lat' dir='ltr'>propria</span> <span class='ocrx_word' id='word_1_291' title='bbox 958 4463 1062 4562; x_wconf 82' lang='lat' dir='ltr'>culpa</span> <span class='ocrx_word' id='word_1_292' title='bbox 1080 4469 1252 4643; x_wconf 56' lang='lat' dir='ltr'>praetlrima</span> <span class='ocrx_word' id='word_1_293' title='bbox 1267 4484 1351 4557; x_wconf 83' lang='lat' dir='ltr'>poe·</span> <span class='ocrx_word' id='word_1_294' title='bbox 1407 4557 1409 4562; x_wconf 23' lang='lat'><strong>¹</strong></span> 
     </span>
    </p>

    <p class='ocr_par' dir='ltr' id='par_1_12' title="bbox 842 4577 1294 4641">
     <span class='ocr_line' id='line_1_38' title="bbox 842 4577 1294 4641; baseline -0.004 1"><span class='ocrx_word' id='word_1_295' title='bbox 842 4605 846 4612; x_wconf 92' lang='lat'>·</span> <span class='ocrx_word' id='word_1_296' title='bbox 1214 4577 1294 4641; x_wconf 83' lang='lat' dir='ltr'>teo·</span> 
     </span>
    </p>
   </div>
   <div class='ocr_carea' id='block_1_6' title="bbox 0 0 1914 5375">
    <p class='ocr_par' dir='ltr' id='par_1_13' title="bbox 0 0 1914 5375">
     <span class='ocr_line' id='line_1_39' title="bbox 0 0 1914 5375; baseline 0 0"><span class='ocrx_word' id='word_1_297' title='bbox 0 0 1914 5375; x_wconf 95' lang='lat' dir='ltr'> </span> 
     </span>
    </p>
   </div>
  </div>
 </body>
</html>
