3792 5375
486 531 557 628 De
577 534 709 624 tertio
739 526 945 647 Deculogi
965 476 1195 651 praceptoi¹
1292 532 1377 648 '721'

367 706 475 806 lique
499 705 725 803 languorem·
752 691 805 785 lili
828 720 948 784 autem
971 707 1057 783 cibis
1078 677 1195 784 vetitis
1221 705 1297 791 uti,
1316 722 1378 786 aut
1410 785 1414 790 ,

369 807 541 905 jeitrnium
569 806 703 883 tolvere
728 828 804 884 non
837 806 996 891 debent,
1016 830 1178 904 quorum
1206 804 1377 883 valetudo
1412 829 1416 838 ’

372 907 607 1087 ffbtimlliffi.
624 931 648 1036 i·
666 904 867 1004 priusquam
902 904 1106 985 facultatem
1133 932 1153 986 a
1182 907 1377 1005 pastoribus
1420 985 1422 990 ,

320 1148 481 1327 Hanc
501 1160 676 1262 Regulam
697 1157 801 1236 ttrldit
818 1152 1025 1237 Concilium
1045 1138 1263 1238 Toletanum
1276 1153 1380 1242 Viti:
1482 1139 1486 1152 ’

434 1262 522 1343 Cau.
539 1271 662 1354 9··‚‚·„
690 1258 786 1352 Quis
807 1264 859 1334 uis
884 1254 1052 1353 (inquit)
1074 1259 1204 1358 absque
1229 1265 1376 1340 inevita-

318 1359 386 1444 bili·
409 1359 631 1447 necessitate,
650 1361 761 1466 atque¹
780 1282 976 1463 stagilitatia
1003 1352 1158 1438 evidenti
1177 1362 1373 1458 languore,
1399 1421 1401 1427 .

320 1456 382 1545 ieu
404 1465 509 1541 etiam
536 1461 644 1538 altatio
663 1454 965 1557 importunitate,
987 1461 1082 1538 esum
1106 1464 1265 1538 carnium
1287 1485 1375 1554 praa·

319 1559 503 1660 sumpserit
527 1572 721 1644 attentatu
749 1560 818 1634 dcc.
848 1553 900 1633 llli
928 1558 1075 1646 autem,
1098 1584 1191 1661 quos
1218 1577 1372 1638 autaetaa

319 1661 506 1747 incurvat,
520 1669 581 1738 tut
594 1658 747 1756 languor
766 1663 956 1745 extenuat,
975 1675 1035 1739 aut
1047 1658 1224 1737 necellitar
1243 1662 1370 1742 arctat·

320 1771 399 1844 non
423 1773 505 1841 dote
532 1760 711 1858 prohibita
737 1755 870 1832 violare
892 1758 1124 1856 praesumant,
1145 1784 1253 1859 quam
1272 1785 1291 1836 a
1310 1759 1372 1837 Sa·

321 1862 470 1943 'cerdote
497 1857 700 1959 permittam
720 1859 895 1955 accipiant
917 1900 938 1942 ν,
952 1892 987 1943 „t
1227 1880 1239 1940 .·

374 1959 438 2043 Ob
456 1958 690 2037 nereditatem
705 1953 887 2073 dispensari
910 1958 1027 2053 potest
1041 1961 1206 2058 tempore
1220 1956 1369 2035 obfidio
1388 1949 1573 2036 inevitabili·

321 2065 405 2146 nit,
426 2075 489 2139 aut
508 2059 636 2143 samis,
658 2067 742 2135 culn
768 2058 836 2131 ctbt
867 2054 1194 2156 Quadragefimaleu
1220 2060 1345 2137 desunt
1363 2034 1574 2183 ,mgna-⁸

321 2179 367 2243 ut
395 2157 550 2259 populun
582 2160 746 2236 carnibus
775 2168 925 2250 utatur'3
954 2173 992 2233 ut
1017 2159 1200 2257 colligitur
1222 2184 1269 2235 ex
1318 2159 1507 2265 apspfflsflg

321 2263 522 2348 ¹Concilium,
544 2258 623 2337 Exta
651 2263 704 2331 De
716 2253 939 2346 observatione
950 2256 1165 2349 jejuniorum
1193 2258 1285 2336 Sedt
1322 2266 1373 2336 lua

322 2359 685 2457 necessitudinum,
713 2349 900 2432 &arbiter
926 2353 1119 2457 Episcopus
1147 2359 1216 2438 elle
1245 2362 1372 2447 debet,
1466 2381 1469 2388 ·

321 2465 396 2542 line
419 2465 521 2560 cuius
545 2463 683 2538 licentia
704 2460 870 2534 ciborum
901 2462 1095 2539 vetitorum
1129 2461 1203 2540 esus
1226 2484 1302 2537 non
1325 2461 1374 2538 est

272 2645 274 2749 f
324 2561 690 2775 praeslstllanrlree'gglllstatem
716 2669 864 2759 qitoqtte
880 2651 1116 2756 dispensantur
1129 2682 1148 2737 a
1162 2660 1284 2758 jejunii
1300 2657 1380 2756 lege
1417 2708 1419 2712 -

272 2754 275 2787 ³
324 2775 501 2860 pauperes
521 2761 672 2834 ostiatim
694 2761 956 2841 mendicantes,
976 2759 1046 2835 live
1066 2759 1181 2835 adeas
1203 2759 1378 2855 angustiae

272 2880 273 2885 ‘
325 2859 455 2949 redacti
479 2912 490 2943 .
517 2875 558 2934 ut
582 2857 673 2932 stato
690 2860 887 2934 resectionis
914 2868 1080 2954 ternpore
1104 2881 1178 2935 non
1206 2859 1394 2941 hiberum·

272 3052 273 3059 Ν
325 2982 397 3040 nec
426 2959 554 3034 habere
574 2954 736 3051 polline.
766 2956 867 3055 duod
893 2961 954 3033 uni
975 2958 1072 3052 julina
1096 2956 1275 3033 refectioni
1301 2959 1378 3037 satia

325 3058 396 3147 fit.
413 3074 454 3137 ut
474 3056 664 3156 respondet
698 3065 730 3127 at
746 3057 911 3132 Tirones,
937 3073 970 3126 a.
984 3074 1018 3128 2.
1044 3082 1081 3155 q.
1099 3079 1178 3152 ¹47³
1198 3076 1249 3131 art
1275 3076 1309 3144 4.
1332 3058 1379 3132 ad

328 3173 511 3258 quartum·
533 3211 555 3248 ‚,
575 3211 596 3248 ‚‚
634 3153 808 3255 Pauperes
841 3155 1008 3249 (lnquit)
1034 3163 1096 3255 qui
1118 3154 1263 3252 poliunt
1285 3146 1379 3232 suffi-

324 3265 462 3340 cientet
479 3257 629 3341 habere,
653 3258 753 3351 quod
774 3259 822 3333 eis
845 3252 970 3333 sufficit
989 3253 1034 3332 ad
1054 3270 1162 3335 unam
1187 3257 1378 3334 comestio·

322 3383 438 3442 neni.
457 3381 531 3434 non
554 3354 764 3433 excusantur
793 3372 942 3455 propter
969 3373 1213 3455 paupertatem
1240 3380 1258 3433 a
1286 3358 1377 3452 jeju·

327 3462 397 3539 niis
420 3455 602 3539 Emtefiae,
619 3479 638 3531 a
658 3459 786 3553 quibua
804 3474 922 3534 tamen
943 3457 1097 3534 excusari
1119 3456 1284 3534 videntur
1302 3457 1374 3544 itti.

326 3562 393 3654 qut
416 3558 588 3635 frustatim
611 3556 849 3656 eleemosynas
873 3560 1101 3634 mendicant,
1120 3563 1181 3654 qui
1207 3580 1281 3633 non
1295 3553 1376 3654 pol·

327 3658 410 3738 tiant
425 3654 524 3732 simul
542 3656 812 3755 nabere2quod
829 3658 878 3731 eir
898 3657 942 3732 ad
966 3657 1096 3733 titium
1113 3652 1258 3734 sufficiat
1273 3711 1345 3750 ‚,„.
1485 3700 1487 3705 .
1587 3748 1590 3757 Ι
1648 3652 1652 3663 ’

380 3753 570 3833 Necessitas
586 3758 714 3849 paritet
732 3757 904 3852 postulat,
921 3768 962 3834 ut
976 3760 1059 3832 cum
1081 3759 1282 3837 mulieribus
1295 3780 1375 3852 gra·

327 3855 490 3943 vidis,&
513 3856 708 3934 nutricibus
733 3855 963 3953 dispensetur,
977 3857 1103 3952 quibus
1117 3856 1294 3957 copiosius
1314 3856 1376 3931 ali·
1524 3883 1526 3886 ·

291 3969 494 4040 ·'mentum
512 3955 563 4029 ob
576 3951 727 4040 suetum.
741 3973 802 4037 aot
815 3955 954 4055 prolem
983 3952 1210 4034 necelsarium
1232 3956 1282 4031 elt
1295 3999 1303 4028 2
1316 3956 1377 4033 cul

327 4054 519 4159 prouidere
549 4054 695 4130 naturali
721 4058 798 4147 jure
833 4070 1029 4148 tenentut;
1055 4055 1378 4150 unde,jejunando

329 4167 541 4258 peccarent,
559 4151 583 4228 li
599 4152 682 4229 inde
697 4152 895 4254 periculum
915 4151 1015 4243 ipfiu,
1034 4154 1087 4229 vel
1100 4154 1193 4249 proli
1215 4155 1381 4250 immine·
1408 4162 1412 4169 ’

331 4271 400 4336 ret.
425 4252 653 4351 lpstsitaque
674 4254 846 4349 jejunium
869 4248 1058 4346 prohibere
1078 4251 1185 4333 debet
1208 4249 1380 4329 conl'elsa-

328 4362 428 4436 rius,
451 4351 678 4451 literupulo.
693 4367 755 4430 aut
780 4350 995 4449 imprudenti
1010 4351 1112 4438 zelo.
1128 4370 1235 4451 atque
1253 4355 1380 4428 incon·

329 4453 478 4537 siderata
501 4454 629 4549 pictate
648 4452 722 4530 illia
744 4452 901 4549 jejunare
915 4450 1158 4529 velleriderct.
1189 4451 1326 4528 Verum
1353 4450 1379 4531 fl

272 4596 274 4611 ι
316 4566 556 4658 ’ρτεεηαιιιη
578 4573 656 4630 nou
685 4548 778 4662 dut,
802 4565 864 4729 πὲρι
887 4552 1042 4628 nutrices
1060 4604 1073 4641 .
1103 4549 1291 4728 ‹linaictere1
1304 4574 1379 4630 nora

436 4700 443 4711 .
870 4665 946 4727 ΖΕ
1005 4709 1011 4715 ,
1292 4672 1335 4728 en.
