<?xml version="1.0" encoding="UTF-8"?>
<!DOCTYPE html PUBLIC "-//W3C//DTD XHTML 1.0 Transitional//EN"
    "http://www.w3.org/TR/xhtml1/DTD/xhtml1-transitional.dtd">
<html xmlns="http://www.w3.org/1999/xhtml" xml:lang="en" lang="en">
 <head>
  <title>
</title>
<meta http-equiv="Content-Type" content="text/html;charset=utf-8" />
  <meta name='ocr-system' content='tesseract 3.04.00' />
  <meta name='ocr-capabilities' content='ocr_page ocr_carea ocr_par ocr_line ocrx_word'/>
</head>
<body>
  <div class='ocr_page' id='page_1' title='image "./theologiadogmat08alexgoog_0096.png"; bbox 0 0 3792 5375; ppageno 0'>
   <div class='ocr_carea' id='block_1_1' title="bbox 554 519 1384 988">
    <p class='ocr_par' dir='ltr' id='par_1_1' title="bbox 554 519 1384 988">
     <span class='ocr_line' id='line_1_1' title="bbox 688 519 1384 679; baseline 0.001 -20"><span class='ocrx_word' id='word_1_1' title='bbox 688 561 760 659; x_wconf 71' lang='lat' dir='ltr'>ue</span> <span class='ocrx_word' id='word_1_2' title='bbox 785 558 1021 679; x_wconf 67' lang='lat' dir='ltr'>necnogo:</span> <span class='ocrx_word' id='word_1_3' title='bbox 1114 603 1117 612; x_wconf 92' lang='lat'><em>·</em></span> <span class='ocrx_word' id='word_1_4' title='bbox 1160 539 1168 562; x_wconf 82' lang='grc'>’</span> <span class='ocrx_word' id='word_1_5' title='bbox 1240 519 1259 530; x_wconf 80' lang='grc'><em>’</em></span> <span class='ocrx_word' id='word_1_6' title='bbox 1321 562 1384 667; x_wconf 70' lang='lat' dir='ltr'>er</span> 
     </span>
     <span class='ocr_line' id='line_1_2' title="bbox 554 719 1154 819; baseline -0.007 -2"><span class='ocrx_word' id='word_1_7' title='bbox 554 719 1043 819; x_wconf 67' lang='lat' dir='ltr'>articulus</span> <span class='ocrx_word' id='word_1_8' title='bbox 1091 725 1154 816; x_wconf 90' lang='lat'>11.</span> 
     </span>
     <span class='ocr_line' id='line_1_3' title="bbox 656 891 1053 988; baseline -0.003 -24"><span class='ocrx_word' id='word_1_9' title='bbox 656 893 713 964; x_wconf 86' lang='lat' dir='ltr'>Da</span> <span class='ocrx_word' id='word_1_10' title='bbox 739 891 916 984; x_wconf 71' lang='lat' dir='ltr'>Divisere</span> <span class='ocrx_word' id='word_1_11' title='bbox 939 895 1053 988; x_wconf 77' lang='lat' dir='ltr'>Legis.</span> 
     </span>
    </p>
   </div>
   <div class='ocr_carea' id='block_1_2' title="bbox 321 1042 1558 1535">
    <p class='ocr_par' dir='ltr' id='par_1_2' title="bbox 321 1042 1558 1535">
     <span class='ocr_line' id='line_1_4' title="bbox 400 1042 1558 1149; baseline -0.006 -18"><span class='ocrx_word' id='word_1_12' title='bbox 400 1071 451 1131; x_wconf 78' lang='lat' dir='ltr'>ex</span> <span class='ocrx_word' id='word_1_13' title='bbox 475 1044 541 1130; x_wconf 89' lang='lat' dir='ltr'>alia</span> <span class='ocrx_word' id='word_1_14' title='bbox 565 1052 615 1128; x_wconf 86' lang='lat' dir='ltr'>est</span> <span class='ocrx_word' id='word_1_15' title='bbox 630 1052 856 1143; x_wconf 84' lang='lat' dir='ltr'>reterna,alia</span> <span class='ocrx_word' id='word_1_16' title='bbox 886 1046 1104 1149; x_wconf 65' lang='lat' dir='ltr'>temporalis·</span> <span class='ocrx_word' id='word_1_17' title='bbox 1127 1042 1194 1125; x_wconf 82' lang='lat' dir='ltr'>lua</span> <span class='ocrx_word' id='word_1_18' title='bbox 1206 1043 1379 1126; x_wconf 70' lang='lat' dir='ltr'>dividitur</span> <span class='ocrx_word' id='word_1_19' title='bbox 1550 1109 1558 1142; x_wconf 77' lang='grc'>,</span> 
     </span>
     <span class='ocr_line' id='line_1_5' title="bbox 418 1144 1375 1243; baseline -0.008 -13"><span class='ocrx_word' id='word_1_20' title='bbox 418 1158 455 1230; x_wconf 86' lang='lat' dir='ltr'>ln</span> <span class='ocrx_word' id='word_1_21' title='bbox 477 1154 633 1229; x_wconf 85' lang='lat' dir='ltr'>divinam</span> <span class='ocrx_word' id='word_1_22' title='bbox 649 1209 661 1243; x_wconf 88' lang='lat'><strong>,</strong></span> <span class='ocrx_word' id='word_1_23' title='bbox 675 1156 711 1229; x_wconf 83' lang='lat' dir='ltr'>dr</span> <span class='ocrx_word' id='word_1_24' title='bbox 731 1153 950 1240; x_wconf 78' lang='lat' dir='ltr'><strong>humanam,</strong></span> <span class='ocrx_word' id='word_1_25' title='bbox 967 1152 1086 1228; x_wconf 80' lang='lat' dir='ltr'>diuina</span> <span class='ocrx_word' id='word_1_26' title='bbox 1102 1144 1375 1235; x_wconf 82' lang='lat' dir='ltr'>innaturalem,</span> 
     </span>
     <span class='ocr_line' id='line_1_6' title="bbox 321 1250 1376 1354; baseline -0.009 -21"><span class='ocrx_word' id='word_1_27' title='bbox 321 1251 550 1354; x_wconf 82' lang='lat' dir='ltr'>&amp;scriptam</span> <span class='ocrx_word' id='word_1_28' title='bbox 576 1250 653 1331; x_wconf 89' lang='lat' dir='ltr'>Lex</span> <span class='ocrx_word' id='word_1_29' title='bbox 675 1253 794 1331; x_wconf 86' lang='lat' dir='ltr'>divina</span> <span class='ocrx_word' id='word_1_30' title='bbox 818 1254 950 1349; x_wconf 74' lang='lat' dir='ltr'>scripto</span> <span class='ocrx_word' id='word_1_31' title='bbox 971 1250 1170 1329; x_wconf 68' lang='lat' dir='ltr'>tradita2ln</span> <span class='ocrx_word' id='word_1_32' title='bbox 1196 1251 1376 1336; x_wconf 78' lang='lat' dir='ltr'>veterem,</span> 
     </span>
     <span class='ocr_line' id='line_1_7' title="bbox 322 1344 1378 1443; baseline -0.006 -11"><span class='ocrx_word' id='word_1_33' title='bbox 322 1356 361 1432; x_wconf 82' lang='lat' dir='ltr'>dr</span> <span class='ocrx_word' id='word_1_34' title='bbox 387 1376 531 1431; x_wconf 81' lang='lat' dir='ltr'>novam.</span> <span class='ocrx_word' id='word_1_35' title='bbox 562 1351 750 1443; x_wconf 79' lang='lat' dir='ltr'>Hermam,</span> <span class='ocrx_word' id='word_1_36' title='bbox 773 1352 973 1432; x_wconf 85' lang='lat' dir='ltr'>incivilem</span> <span class='ocrx_word' id='word_1_37' title='bbox 995 1405 1008 1440; x_wconf 86' lang='lat'><strong>.</strong></span> <span class='ocrx_word' id='word_1_38' title='bbox 1028 1350 1067 1428; x_wconf 80' lang='lat' dir='ltr'>dr</span> <span class='ocrx_word' id='word_1_39' title='bbox 1083 1344 1378 1431; x_wconf 72' lang='lat' dir='ltr'>meleuatticim.</span> 
     </span>
     <span class='ocr_line' id='line_1_8' title="bbox 322 1452 653 1535; baseline -0.006 -1"><span class='ocrx_word' id='word_1_40' title='bbox 322 1454 396 1535; x_wconf 88' lang='lat' dir='ltr'>lire</span> <span class='ocrx_word' id='word_1_41' title='bbox 419 1452 653 1534; x_wconf 77' lang='lat' dir='ltr'>Cmomcam·</span> 
     </span>
    </p>
   </div>
   <div class='ocr_carea' id='block_1_3' title="bbox 625 1554 1160 1713">
    <p class='ocr_par' dir='ltr' id='par_1_3' title="bbox 625 1554 1160 1713">
     <span class='ocr_line' id='line_1_9' title="bbox 625 1554 1160 1713; baseline -0.009 -27"><span class='ocrx_word' id='word_1_42' title='bbox 625 1621 664 1713; x_wconf 68' lang='grc' dir='ltr'>ς.</span> <span class='ocrx_word' id='word_1_43' title='bbox 693 1609 722 1693; x_wconf 73' lang='lat'>1·</span> <span class='ocrx_word' id='word_1_44' title='bbox 747 1611 803 1685; x_wconf 84' lang='lat' dir='ltr'>De</span> <span class='ocrx_word' id='word_1_45' title='bbox 829 1611 918 1706; x_wconf 79' lang='lat' dir='ltr'>lege</span> <span class='ocrx_word' id='word_1_46' title='bbox 941 1625 1075 1694; x_wconf 67' lang='lat' dir='ltr'>mem.</span> <span class='ocrx_word' id='word_1_47' title='bbox 1158 1554 1160 1558; x_wconf 16' lang='grc' dir='ltr'>Ι</span> 
     </span>
    </p>
   </div>
   <div class='ocr_carea' id='block_1_4' title="bbox 276 1711 1581 4147">
    <p class='ocr_par' dir='ltr' id='par_1_4' title="bbox 276 1711 1581 4147">
     <span class='ocr_line' id='line_1_10' title="bbox 403 1711 1579 1833; baseline 0 -21"><span class='ocrx_word' id='word_1_48' title='bbox 403 1758 447 1812; x_wconf 85' lang='lat' dir='ltr'>ex</span> <span class='ocrx_word' id='word_1_49' title='bbox 463 1753 604 1831; x_wconf 75' lang='lat' dir='ltr'>aterne,</span> <span class='ocrx_word' id='word_1_50' title='bbox 629 1739 675 1829; x_wconf 76' lang='lat' dir='ltr'>eli</span> <span class='ocrx_word' id='word_1_51' title='bbox 698 1745 787 1817; x_wconf 81' lang='lat' dir='ltr'>ratio</span> <span class='ocrx_word' id='word_1_52' title='bbox 809 1743 947 1833; x_wconf 74' lang='lat' dir='ltr'>divine,</span> <span class='ocrx_word' id='word_1_53' title='bbox 965 1741 1022 1815; x_wconf 79' lang='lat' dir='ltr'>ael</span> <span class='ocrx_word' id='word_1_54' title='bbox 1045 1738 1202 1823; x_wconf 71' lang='lat' dir='ltr'>ersmers</span> <span class='ocrx_word' id='word_1_55' title='bbox 1217 1734 1309 1826; x_wconf 81' lang='lat' dir='ltr'>Del,</span> <span class='ocrx_word' id='word_1_56' title='bbox 1322 1756 1376 1809; x_wconf 83' lang='lat' dir='ltr'>er·</span> <span class='ocrx_word' id='word_1_57' title='bbox 1394 1711 1579 1812; x_wconf 43' lang='lat' dir='ltr'>&amp;mh</span> 
     </span>
     <span class='ocr_line' id='line_1_11' title="bbox 418 1810 1563 1938; baseline -0.005 -27"><span class='ocrx_word' id='word_1_58' title='bbox 418 1846 528 1911; x_wconf 77' lang='lat' dir='ltr'>dinem</span> <span class='ocrx_word' id='word_1_59' title='bbox 545 1846 728 1918; x_wconf 66' lang='lat' dir='ltr'>naturalem</span> <span class='ocrx_word' id='word_1_60' title='bbox 751 1844 944 1933; x_wconf 61' lang='lat' dir='ltr'>consentiri</span> <span class='ocrx_word' id='word_1_61' title='bbox 953 1840 1095 1938; x_wconf 77' lang='lat' dir='ltr'>juberis,</span> <span class='ocrx_word' id='word_1_62' title='bbox 1114 1837 1306 1938; x_wconf 75' lang='lat' dir='ltr'>perturbari</span> <span class='ocrx_word' id='word_1_63' title='bbox 1317 1862 1378 1909; x_wconf 81' lang='lat' dir='ltr'>ve.</span> <span class='ocrx_word' id='word_1_64' title='bbox 1393 1815 1439 1877; x_wconf 74' lang='lat'>⁸¹⁸</span> <span class='ocrx_word' id='word_1_65' title='bbox 1463 1810 1563 1860; x_wconf 57' lang='grc' dir='ltr'>Μ’·</span> 
     </span>
     <span class='ocr_line' id='line_1_12' title="bbox 319 1938 1378 2042; baseline -0.004 -22"><span class='ocrx_word' id='word_1_66' title='bbox 319 1960 405 2020; x_wconf 69' lang='lat' dir='ltr'>taus.</span> <span class='ocrx_word' id='word_1_67' title='bbox 435 1939 487 2019; x_wconf 86' lang='lat' dir='ltr'>lta</span> <span class='ocrx_word' id='word_1_68' title='bbox 498 1940 668 2022; x_wconf 64' lang='lat' dir='ltr'>definitis·</span> <span class='ocrx_word' id='word_1_69' title='bbox 686 1944 819 2042; x_wconf 72' lang='lat' dir='ltr'>anguls.</span> <span class='ocrx_word' id='word_1_70' title='bbox 835 1947 894 2023; x_wconf 83' lang='lat' dir='ltr'>lib.</span> <span class='ocrx_word' id='word_1_71' title='bbox 908 1951 1100 2021; x_wconf 70' lang='lat' dir='ltr'>utcontra</span> <span class='ocrx_word' id='word_1_72' title='bbox 1111 1938 1284 2027; x_wconf 73' lang='lat' dir='ltr'>Paullum,</span> <span class='ocrx_word' id='word_1_73' title='bbox 1297 1957 1378 2037; x_wconf 77' lang='lat' dir='ltr'>cap·</span> 
     </span>
     <span class='ocr_line' id='line_1_13' title="bbox 319 2038 1377 2143; baseline -0.001 -29"><span class='ocrx_word' id='word_1_74' title='bbox 319 2057 380 2137; x_wconf 72' lang='lat'>⁸7·</span> <span class='ocrx_word' id='word_1_75' title='bbox 394 2039 480 2119; x_wconf 78' lang='lat' dir='ltr'>Sive</span> <span class='ocrx_word' id='word_1_76' title='bbox 490 2046 633 2115; x_wconf 77' lang='lat' dir='ltr'>AErernae</span> <span class='ocrx_word' id='word_1_77' title='bbox 642 2055 697 2117; x_wconf 82' lang='lat' dir='ltr'>lex</span> <span class='ocrx_word' id='word_1_78' title='bbox 710 2046 753 2127; x_wconf 75' lang='lat' dir='ltr'>ess</span> <span class='ocrx_word' id='word_1_79' title='bbox 766 2069 803 2116; x_wconf 81' lang='lat' dir='ltr'>ea</span> <span class='ocrx_word' id='word_1_80' title='bbox 817 2100 827 2133; x_wconf 85' lang='lat'><strong>,</strong></span> <span class='ocrx_word' id='word_1_81' title='bbox 840 2068 902 2143; x_wconf 70' lang='lat' dir='ltr'>pira</span> <span class='ocrx_word' id='word_1_82' title='bbox 912 2042 1038 2138; x_wconf 76' lang='lat' dir='ltr'>jussum</span> <span class='ocrx_word' id='word_1_83' title='bbox 1048 2040 1092 2123; x_wconf 76' lang='lat' dir='ltr'>ers</span> <span class='ocrx_word' id='word_1_84' title='bbox 1106 2098 1117 2132; x_wconf 87' lang='lat'><strong>,</strong></span> <span class='ocrx_word' id='word_1_85' title='bbox 1134 2061 1173 2114; x_wconf 81' lang='lat' dir='ltr'>tet</span> <span class='ocrx_word' id='word_1_86' title='bbox 1190 2046 1297 2113; x_wconf 78' lang='lat' dir='ltr'>omnia</span> <span class='ocrx_word' id='word_1_87' title='bbox 1307 2038 1377 2130; x_wconf 75' lang='lat' dir='ltr'>sent</span> 
     </span>
     <span class='ocr_line' id='line_1_14' title="bbox 318 2141 1376 2237; baseline -0.01 -12"><span class='ocrx_word' id='word_1_88' title='bbox 318 2145 586 2237; x_wconf 57' lang='lat' dir='ltr'>ordinatione,-</span> <span class='ocrx_word' id='word_1_89' title='bbox 618 2159 658 2226; x_wconf 91' lang='lat' dir='ltr'>ut</span> <span class='ocrx_word' id='word_1_90' title='bbox 677 2145 801 2224; x_wconf 86' lang='lat' dir='ltr'>delinit</span> <span class='ocrx_word' id='word_1_91' title='bbox 820 2149 914 2223; x_wconf 88' lang='lat' dir='ltr'>idem</span> <span class='ocrx_word' id='word_1_92' title='bbox 930 2143 968 2223; x_wconf 88' lang='lat' dir='ltr'>S.</span> <span class='ocrx_word' id='word_1_93' title='bbox 986 2141 1153 2224; x_wconf 66' lang='lat' dir='ltr'>Dudum</span> <span class='ocrx_word' id='word_1_94' title='bbox 1175 2141 1237 2221; x_wconf 88' lang='lat' dir='ltr'>lib.</span> <span class='ocrx_word' id='word_1_95' title='bbox 1269 2164 1301 2217; x_wconf 85' lang='lat' dir='ltr'>r.</span> <span class='ocrx_word' id='word_1_96' title='bbox 1318 2143 1376 2214; x_wconf 80' lang='lat' dir='ltr'>De</span> 
     </span>
     <span class='ocr_line' id='line_1_15' title="bbox 317 2237 1375 2344; baseline -0.002 -22"><span class='ocrx_word' id='word_1_97' title='bbox 317 2242 424 2313; x_wconf 74' lang='lat' dir='ltr'>libero</span> <span class='ocrx_word' id='word_1_98' title='bbox 457 2237 626 2330; x_wconf 74' lang='lat' dir='ltr'>arbitrio,</span> <span class='ocrx_word' id='word_1_99' title='bbox 643 2269 720 2344; x_wconf 81' lang='lat' dir='ltr'>cap.</span> <span class='ocrx_word' id='word_1_100' title='bbox 746 2243 783 2317; x_wconf 91' lang='lat'>6.</span> <span class='ocrx_word' id='word_1_101' title='bbox 803 2243 891 2325; x_wconf 85' lang='lat' dir='ltr'>llaec</span> <span class='ocrx_word' id='word_1_102' title='bbox 912 2243 1213 2324; x_wconf 80' lang='lat' dir='ltr'>incommutabilia</span> <span class='ocrx_word' id='word_1_103' title='bbox 1231 2242 1306 2326; x_wconf 75' lang='lat' dir='ltr'>est,</span> <span class='ocrx_word' id='word_1_104' title='bbox 1333 2256 1375 2320; x_wconf 90' lang='lat' dir='ltr'>ut</span> 
     </span>
     <span class='ocr_line' id='line_1_16' title="bbox 318 2323 1580 2469; baseline 0 -51"><span class='ocrx_word' id='word_1_105' title='bbox 318 2341 455 2418; x_wconf 84' lang='lat' dir='ltr'>ibidem</span> <span class='ocrx_word' id='word_1_106' title='bbox 479 2341 589 2421; x_wconf 90' lang='lat' dir='ltr'>docet</span> <span class='ocrx_word' id='word_1_107' title='bbox 603 2364 615 2427; x_wconf 83' lang='lat' dir='ltr'>t</span> <span class='ocrx_word' id='word_1_108' title='bbox 630 2402 682 2440; x_wconf 84' lang='lat'>„„</span> <span class='ocrx_word' id='word_1_109' title='bbox 713 2342 813 2440; x_wconf 84' lang='lat' dir='ltr'><strong>Quid</strong></span> <span class='ocrx_word' id='word_1_110' title='bbox 835 2347 890 2424; x_wconf 89' lang='lat' dir='ltr'>illa</span> <span class='ocrx_word' id='word_1_111' title='bbox 920 2346 1006 2432; x_wconf 79' lang='lat' dir='ltr'>lex,</span> <span class='ocrx_word' id='word_1_112' title='bbox 1026 2368 1108 2444; x_wconf 82' lang='lat' dir='ltr'>qnae</span> <span class='ocrx_word' id='word_1_113' title='bbox 1126 2344 1261 2422; x_wconf 88' lang='lat' dir='ltr'>summa</span> <span class='ocrx_word' id='word_1_114' title='bbox 1282 2343 1372 2421; x_wconf 86' lang='lat' dir='ltr'>ratio</span> <span class='ocrx_word' id='word_1_115' title='bbox 1392 2323 1580 2469; x_wconf 45' lang='lat' dir='ltr'>len&amp;</span> 
     </span>
     <span class='ocr_line' id='line_1_17' title="bbox 279 2422 1465 2549; baseline 0 -31"><span class='ocrx_word' id='word_1_116' title='bbox 279 2462 285 2470; x_wconf 89' lang='lat'><em>·</em></span> <span class='ocrx_word' id='word_1_117' title='bbox 320 2446 532 2519; x_wconf 86' lang='lat' dir='ltr'>nominatur</span> <span class='ocrx_word' id='word_1_118' title='bbox 545 2490 556 2524; x_wconf 69' lang='lat'><em>2</em></span> <span class='ocrx_word' id='word_1_119' title='bbox 571 2449 631 2521; x_wconf 86' lang='lat' dir='ltr'>cui</span> <span class='ocrx_word' id='word_1_120' title='bbox 656 2446 794 2549; x_wconf 81' lang='lat' dir='ltr'>semper</span> <span class='ocrx_word' id='word_1_121' title='bbox 813 2447 1139 2543; x_wconf 89' lang='lat' dir='ltr'>obtemperandum</span> <span class='ocrx_word' id='word_1_122' title='bbox 1157 2444 1230 2530; x_wconf 88' lang='lat' dir='ltr'>est,</span> <span class='ocrx_word' id='word_1_123' title='bbox 1249 2444 1285 2520; x_wconf 78' lang='lat' dir='ltr'>dr</span> <span class='ocrx_word' id='word_1_124' title='bbox 1308 2463 1372 2540; x_wconf 90' lang='lat' dir='ltr'>per</span> <span class='ocrx_word' id='word_1_125' title='bbox 1388 2422 1465 2547; x_wconf 49' lang='grc' dir='ltr'><strong>Ψ</strong></span> 
     </span>
     <span class='ocr_line' id='line_1_18' title="bbox 320 2543 1371 2641; baseline -0.004 -20"><span class='ocrx_word' id='word_1_126' title='bbox 320 2565 432 2641; x_wconf 81' lang='lat' dir='ltr'>quam</span> <span class='ocrx_word' id='word_1_127' title='bbox 453 2543 534 2617; x_wconf 89' lang='lat' dir='ltr'>mali</span> <span class='ocrx_word' id='word_1_128' title='bbox 556 2545 712 2623; x_wconf 84' lang='lat' dir='ltr'>miseram</span> <span class='ocrx_word' id='word_1_129' title='bbox 734 2595 745 2631; x_wconf 89' lang='lat'>‚</span> <span class='ocrx_word' id='word_1_130' title='bbox 766 2548 855 2624; x_wconf 93' lang='lat' dir='ltr'>boni</span> <span class='ocrx_word' id='word_1_131' title='bbox 875 2548 1012 2623; x_wconf 89' lang='lat' dir='ltr'>beatam</span> <span class='ocrx_word' id='word_1_132' title='bbox 1033 2548 1140 2622; x_wconf 84' lang='lat' dir='ltr'>eitam</span> <span class='ocrx_word' id='word_1_133' title='bbox 1159 2560 1371 2634; x_wconf 87' lang='lat' dir='ltr'>merentur;</span> 
     </span>
     <span class='ocr_line' id='line_1_19' title="bbox 321 2641 1372 2747; baseline 0.005 -31"><span class='ocrx_word' id='word_1_134' title='bbox 321 2647 385 2741; x_wconf 90' lang='lat' dir='ltr'>per</span> <span class='ocrx_word' id='word_1_135' title='bbox 400 2665 510 2738; x_wconf 85' lang='lat' dir='ltr'>qnam</span> <span class='ocrx_word' id='word_1_136' title='bbox 522 2641 676 2747; x_wconf 79' lang='lat' dir='ltr'>denique</span> <span class='ocrx_word' id='word_1_137' title='bbox 694 2646 749 2725; x_wconf 88' lang='lat' dir='ltr'>illa</span> <span class='ocrx_word' id='word_1_138' title='bbox 759 2695 771 2733; x_wconf 85' lang='lat'><strong>,</strong></span> <span class='ocrx_word' id='word_1_139' title='bbox 789 2670 896 2747; x_wconf 81' lang='lat' dir='ltr'>qnam</span> <span class='ocrx_word' id='word_1_140' title='bbox 915 2645 1151 2743; x_wconf 76' lang='lat' dir='ltr'>temporalem</span> <span class='ocrx_word' id='word_1_141' title='bbox 1169 2643 1372 2724; x_wconf 83' lang='lat' dir='ltr'>vocandam</span> 
     </span>
     <span class='ocr_line' id='line_1_20' title="bbox 320 2744 1372 2849; baseline 0 -31"><span class='ocrx_word' id='word_1_142' title='bbox 320 2745 501 2829; x_wconf 74' lang='lat' dir='ltr'>diximus,</span> <span class='ocrx_word' id='word_1_143' title='bbox 520 2744 612 2822; x_wconf 76' lang='lat' dir='ltr'>nesle</span> <span class='ocrx_word' id='word_1_144' title='bbox 631 2746 765 2832; x_wconf 83' lang='lat' dir='ltr'>fertur,</span> <span class='ocrx_word' id='word_1_145' title='bbox 782 2747 946 2849; x_wconf 65' lang='lat' dir='ltr'>resteque</span> <span class='ocrx_word' id='word_1_146' title='bbox 969 2762 1128 2826; x_wconf 85' lang='lat' dir='ltr'>mutatur</span> <span class='ocrx_word' id='word_1_147' title='bbox 1151 2792 1162 2826; x_wconf 70' lang='lat'><em>2</em></span> <span class='ocrx_word' id='word_1_148' title='bbox 1189 2746 1307 2846; x_wconf 85' lang='lat' dir='ltr'>potest</span> <span class='ocrx_word' id='word_1_149' title='bbox 1324 2765 1372 2820; x_wconf 86' lang='lat' dir='ltr'>ne</span> 
     </span>
     <span class='ocr_line' id='line_1_21' title="bbox 319 2845 1373 2946; baseline 0.001 -26"><span class='ocrx_word' id='word_1_150' title='bbox 319 2845 477 2936; x_wconf 84' lang='lat' dir='ltr'>cuipiam</span> <span class='ocrx_word' id='word_1_151' title='bbox 500 2866 576 2920; x_wconf 90' lang='lat' dir='ltr'>non</span> <span class='ocrx_word' id='word_1_152' title='bbox 592 2850 919 2934; x_wconf 85' lang='lat' dir='ltr'>incommutabilis,</span> <span class='ocrx_word' id='word_1_153' title='bbox 940 2862 1143 2946; x_wconf 85' lang='lat' dir='ltr'>aeternaque</span> <span class='ocrx_word' id='word_1_154' title='bbox 1172 2846 1284 2922; x_wconf 83' lang='lat' dir='ltr'>uideri</span> <span class='ocrx_word' id='word_1_155' title='bbox 1298 2845 1373 2921; x_wconf 83' lang='lat' dir='ltr'>lan</span> 
     </span>
     <span class='ocr_line' id='line_1_22' title="bbox 322 2942 1376 3043; baseline 0.001 -25"><span class='ocrx_word' id='word_1_156' title='bbox 322 2942 441 3042; x_wconf 88' lang='lat' dir='ltr'>potest</span> <span class='ocrx_word' id='word_1_157' title='bbox 464 2943 657 3040; x_wconf 89' lang='lat' dir='ltr'>aliquando</span> <span class='ocrx_word' id='word_1_158' title='bbox 679 2949 847 3043; x_wconf 87' lang='lat' dir='ltr'>injustum</span> <span class='ocrx_word' id='word_1_159' title='bbox 874 2944 963 3032; x_wconf 84' lang='lat' dir='ltr'>else,</span> <span class='ocrx_word' id='word_1_160' title='bbox 986 2962 1026 3025; x_wconf 87' lang='lat' dir='ltr'>nt</span> <span class='ocrx_word' id='word_1_161' title='bbox 1049 2947 1132 3024; x_wconf 88' lang='lat' dir='ltr'>mali</span> <span class='ocrx_word' id='word_1_162' title='bbox 1154 2946 1287 3026; x_wconf 77' lang='lat' dir='ltr'>miseri,</span> <span class='ocrx_word' id='word_1_163' title='bbox 1306 2945 1376 3019; x_wconf 88' lang='lat' dir='ltr'>bo·</span> 
     </span>
     <span class='ocr_line' id='line_1_23' title="bbox 324 3047 1378 3142; baseline 0.001 -25"><span class='ocrx_word' id='word_1_164' title='bbox 324 3048 363 3117; x_wconf 92' lang='lat' dir='ltr'>ni</span> <span class='ocrx_word' id='word_1_165' title='bbox 386 3060 504 3119; x_wconf 91' lang='lat' dir='ltr'>autem</span> <span class='ocrx_word' id='word_1_166' title='bbox 525 3050 617 3122; x_wconf 88' lang='lat' dir='ltr'>beati</span> <span class='ocrx_word' id='word_1_167' title='bbox 637 3048 732 3129; x_wconf 81' lang='lat' dir='ltr'>sinti</span> <span class='ocrx_word' id='word_1_168' title='bbox 752 3065 814 3126; x_wconf 85' lang='lat' dir='ltr'>aut</span> <span class='ocrx_word' id='word_1_169' title='bbox 838 3065 878 3125; x_wconf 92' lang='lat' dir='ltr'>nt</span> <span class='ocrx_word' id='word_1_170' title='bbox 898 3047 1102 3133; x_wconf 79' lang='lat' dir='ltr'>modestae.</span> <span class='ocrx_word' id='word_1_171' title='bbox 1122 3047 1157 3121; x_wconf 72' lang='grc' dir='ltr'>ἃ</span> <span class='ocrx_word' id='word_1_172' title='bbox 1177 3047 1294 3142; x_wconf 74' lang='lat' dir='ltr'>gravis</span> <span class='ocrx_word' id='word_1_173' title='bbox 1307 3062 1378 3140; x_wconf 88' lang='lat' dir='ltr'>po·</span> 
     </span>
     <span class='ocr_line' id='line_1_24' title="bbox 324 3142 1376 3244; baseline -0.002 -27"><span class='ocrx_word' id='word_1_174' title='bbox 324 3142 430 3239; x_wconf 85' lang='lat' dir='ltr'>pnlns</span> <span class='ocrx_word' id='word_1_175' title='bbox 452 3144 522 3242; x_wconf 90' lang='lat' dir='ltr'>ipse</span> <span class='ocrx_word' id='word_1_176' title='bbox 547 3145 608 3221; x_wconf 85' lang='lat' dir='ltr'>fibi</span> <span class='ocrx_word' id='word_1_177' title='bbox 630 3149 852 3244; x_wconf 85' lang='lat' dir='ltr'>magistratus</span> <span class='ocrx_word' id='word_1_178' title='bbox 868 3165 985 3229; x_wconf 78' lang='lat' dir='ltr'>creet,</span> <span class='ocrx_word' id='word_1_179' title='bbox 1001 3143 1187 3223; x_wconf 80' lang='lat' dir='ltr'>dissolutor</span> <span class='ocrx_word' id='word_1_180' title='bbox 1209 3165 1318 3228; x_wconf 77' lang='lat' dir='ltr'>tero,</span> <span class='ocrx_word' id='word_1_181' title='bbox 1338 3143 1376 3215; x_wconf 79' lang='grc' dir='ltr'>δι</span> 
     </span>
     <span class='ocr_line' id='line_1_25' title="bbox 324 3225 1505 3341; baseline -0.005 -22"><span class='ocrx_word' id='word_1_182' title='bbox 324 3266 479 3338; x_wconf 83' lang='lat' dir='ltr'>nequam</span> <span class='ocrx_word' id='word_1_183' title='bbox 500 3245 558 3320; x_wconf 83' lang='lat' dir='ltr'>illa</span> <span class='ocrx_word' id='word_1_184' title='bbox 582 3248 721 3326; x_wconf 89' lang='lat' dir='ltr'>licentia</span> <span class='ocrx_word' id='word_1_185' title='bbox 743 3270 860 3327; x_wconf 86' lang='lat' dir='ltr'>careat</span> <span class='ocrx_word' id='word_1_186' title='bbox 880 3303 902 3338; x_wconf 83' lang='lat'>„</span> <span class='ocrx_word' id='word_1_187' title='bbox 915 3245 967 3337; x_wconf 75' lang='lat'>„2</span> <span class='ocrx_word' id='word_1_188' title='bbox 992 3243 1033 3320; x_wconf 92' lang='lat' dir='ltr'>ln</span> <span class='ocrx_word' id='word_1_189' title='bbox 1051 3245 1304 3341; x_wconf 78' lang='lat' dir='ltr'>temporalium</span> <span class='ocrx_word' id='word_1_190' title='bbox 1325 3239 1374 3336; x_wconf 68' lang='lat' dir='ltr'>le·v</span> <span class='ocrx_word' id='word_1_191' title='bbox 1394 3225 1505 3304; x_wconf 52' lang='grc' dir='ltr'>[ΕΜ</span> 
     </span>
     <span class='ocr_line' id='line_1_26' title="bbox 323 3319 1581 3452; baseline 0.002 -38"><span class='ocrx_word' id='word_1_192' title='bbox 323 3346 428 3436; x_wconf 78' lang='lat' dir='ltr'>gibus</span> <span class='ocrx_word' id='word_1_193' title='bbox 455 3343 542 3419; x_wconf 90' lang='lat' dir='ltr'>nihil</span> <span class='ocrx_word' id='word_1_194' title='bbox 561 3349 611 3424; x_wconf 89' lang='lat' dir='ltr'>est</span> <span class='ocrx_word' id='word_1_195' title='bbox 637 3351 766 3439; x_wconf 76' lang='lat' dir='ltr'>iulium</span> <span class='ocrx_word' id='word_1_196' title='bbox 790 3364 898 3444; x_wconf 88' lang='lat' dir='ltr'>atque</span> <span class='ocrx_word' id='word_1_197' title='bbox 924 3346 1148 3440; x_wconf 84' lang='lat' dir='ltr'>legitimum,</span> <span class='ocrx_word' id='word_1_198' title='bbox 1175 3343 1278 3439; x_wconf 84' lang='lat' dir='ltr'>quod</span> <span class='ocrx_word' id='word_1_199' title='bbox 1297 3364 1374 3418; x_wconf 91' lang='lat' dir='ltr'>non</span> <span class='ocrx_word' id='word_1_200' title='bbox 1391 3319 1581 3452; x_wconf 48' lang='lat' dir='ltr'><strong>{maim</strong></span> 
     </span>
     <span class='ocr_line' id='line_1_27' title="bbox 276 3442 1555 3545; baseline -0.002 -27"><span class='ocrx_word' id='word_1_201' title='bbox 276 3496 278 3498; x_wconf 86' lang='lat'><em>-</em></span> <span class='ocrx_word' id='word_1_202' title='bbox 322 3466 370 3518; x_wconf 85' lang='lat' dir='ltr'>ex</span> <span class='ocrx_word' id='word_1_203' title='bbox 394 3443 461 3519; x_wconf 80' lang='lat' dir='ltr'>hae</span> <span class='ocrx_word' id='word_1_204' title='bbox 481 3461 608 3523; x_wconf 83' lang='lat' dir='ltr'>aeterna</span> <span class='ocrx_word' id='word_1_205' title='bbox 631 3452 692 3524; x_wconf 90' lang='lat' dir='ltr'>libi</span> <span class='ocrx_word' id='word_1_206' title='bbox 719 3448 883 3525; x_wconf 81' lang='lat' dir='ltr'>homines</span> <span class='ocrx_word' id='word_1_207' title='bbox 908 3447 1101 3523; x_wconf 85' lang='lat' dir='ltr'>derivarint</span> <span class='ocrx_word' id='word_1_208' title='bbox 1134 3444 1282 3545; x_wconf 88' lang='lat' dir='ltr'>(inquit</span> <span class='ocrx_word' id='word_1_209' title='bbox 1311 3442 1372 3518; x_wconf 88' lang='lat' dir='ltr'>ibi·</span> <span class='ocrx_word' id='word_1_210' title='bbox 1390 3458 1428 3518; x_wconf 79' lang='lat' dir='ltr'>ab</span> <span class='ocrx_word' id='word_1_211' title='bbox 1447 3467 1555 3543; x_wconf 71' lang='lat' dir='ltr'>aetema</span> 
     </span>
     <span class='ocr_line' id='line_1_28' title="bbox 325 3532 1543 3657; baseline -0.012 -31"><span class='ocrx_word' id='word_1_212' title='bbox 325 3542 410 3616; x_wconf 81' lang='lat' dir='ltr'>dem</span> <span class='ocrx_word' id='word_1_213' title='bbox 436 3549 468 3612; x_wconf 87' lang='lat' dir='ltr'>S·</span> <span class='ocrx_word' id='word_1_214' title='bbox 484 3543 645 3639; x_wconf 66' lang='lat' dir='ltr'>August.)</span> <span class='ocrx_word' id='word_1_215' title='bbox 671 3550 930 3644; x_wconf 83' lang='lat' dir='ltr'>Sempiternam</span> <span class='ocrx_word' id='word_1_216' title='bbox 951 3550 1042 3657; x_wconf 90' lang='lat' dir='ltr'>hanc</span> <span class='ocrx_word' id='word_1_217' title='bbox 1064 3545 1182 3644; x_wconf 78' lang='lat' dir='ltr'>legem</span> <span class='ocrx_word' id='word_1_218' title='bbox 1204 3602 1226 3638; x_wconf 91' lang='lat'>,‚</span> <span class='ocrx_word' id='word_1_219' title='bbox 1242 3601 1264 3636; x_wconf 88' lang='lat'>„</span> <span class='ocrx_word' id='word_1_220' title='bbox 1285 3565 1374 3619; x_wconf 90' lang='lat' dir='ltr'>con·</span> <span class='ocrx_word' id='word_1_221' title='bbox 1391 3532 1543 3611; x_wconf 75' lang='lat' dir='ltr'>regenen-</span> 
     </span>
     <span class='ocr_line' id='line_1_29' title="bbox 323 3627 1470 3752; baseline 0.001 -36"><span class='ocrx_word' id='word_1_222' title='bbox 323 3642 443 3718; x_wconf 87' lang='lat' dir='ltr'>sulunt</span> <span class='ocrx_word' id='word_1_223' title='bbox 464 3666 591 3723; x_wconf 86' lang='lat' dir='ltr'>omner</span> <span class='ocrx_word' id='word_1_224' title='bbox 622 3652 687 3744; x_wconf 86' lang='lat' dir='ltr'>piae</span> <span class='ocrx_word' id='word_1_225' title='bbox 719 3664 887 3735; x_wconf 78' lang='lat' dir='ltr'>menter,</span> <span class='ocrx_word' id='word_1_226' title='bbox 918 3660 959 3726; x_wconf 91' lang='lat' dir='ltr'>ut</span> <span class='ocrx_word' id='word_1_227' title='bbox 987 3647 1090 3747; x_wconf 84' lang='lat' dir='ltr'>quod</span> <span class='ocrx_word' id='word_1_228' title='bbox 1111 3651 1149 3722; x_wconf 91' lang='lat' dir='ltr'>in</span> <span class='ocrx_word' id='word_1_229' title='bbox 1170 3668 1211 3722; x_wconf 85' lang='lat' dir='ltr'>ea</span> <span class='ocrx_word' id='word_1_230' title='bbox 1230 3647 1376 3752; x_wconf 77' lang='lat' dir='ltr'>invene·</span> <span class='ocrx_word' id='word_1_231' title='bbox 1392 3627 1470 3674; x_wconf 70' lang='lat'>&#39;²⁰⁴</span> 
     </span>
     <span class='ocr_line' id='line_1_30' title="bbox 324 3743 1374 3842; baseline 0 -25"><span class='ocrx_word' id='word_1_232' title='bbox 324 3745 416 3828; x_wconf 90' lang='lat' dir='ltr'>rint,</span> <span class='ocrx_word' id='word_1_233' title='bbox 434 3743 489 3817; x_wconf 90' lang='lat' dir='ltr'>vel</span> <span class='ocrx_word' id='word_1_234' title='bbox 512 3743 661 3835; x_wconf 82' lang='lat' dir='ltr'>saciant,</span> <span class='ocrx_word' id='word_1_235' title='bbox 683 3749 738 3825; x_wconf 83' lang='lat' dir='ltr'>rel</span> <span class='ocrx_word' id='word_1_236' title='bbox 756 3753 927 3842; x_wconf 73' lang='lat' dir='ltr'>iubeant,</span> <span class='ocrx_word' id='word_1_237' title='bbox 945 3747 1156 3833; x_wconf 83' lang='lat' dir='ltr'>velvetent.</span> <span class='ocrx_word' id='word_1_238' title='bbox 1177 3744 1374 3821; x_wconf 88' lang='lat' dir='ltr'>secundum</span> 
     </span>
     <span class='ocr_line' id='line_1_31' title="bbox 323 3841 1444 3946; baseline 0 -31"><span class='ocrx_word' id='word_1_239' title='bbox 323 3841 427 3937; x_wconf 90' lang='lat' dir='ltr'>quod</span> <span class='ocrx_word' id='word_1_240' title='bbox 451 3842 506 3918; x_wconf 86' lang='lat' dir='ltr'>illa</span> <span class='ocrx_word' id='word_1_241' title='bbox 523 3851 807 3925; x_wconf 84' lang='lat' dir='ltr'>incommutabili</span> <span class='ocrx_word' id='word_1_242' title='bbox 834 3853 977 3924; x_wconf 88' lang='lat' dir='ltr'>veritate</span> <span class='ocrx_word' id='word_1_243' title='bbox 993 3849 1288 3946; x_wconf 61' lang='lat' dir='ltr'>praeceperite„.</span> <span class='ocrx_word' id='word_1_244' title='bbox 1315 3841 1376 3915; x_wconf 88' lang='lat' dir='ltr'>Sic</span> <span class='ocrx_word' id='word_1_245' title='bbox 1438 3864 1444 3874; x_wconf 89' lang='grc'><strong><em>·</em></strong></span> 
     </span>
     <span class='ocr_line' id='line_1_32' title="bbox 326 3938 1378 4044; baseline -0.007 -23"><span class='ocrx_word' id='word_1_246' title='bbox 326 3943 474 4039; x_wconf 77' lang='lat' dir='ltr'>Moyses</span> <span class='ocrx_word' id='word_1_247' title='bbox 492 3944 606 4044; x_wconf 87' lang='lat' dir='ltr'>legem</span> <span class='ocrx_word' id='word_1_248' title='bbox 623 3947 694 4027; x_wconf 85' lang='lat' dir='ltr'>Dei</span> <span class='ocrx_word' id='word_1_249' title='bbox 708 3963 874 4025; x_wconf 85' lang='lat' dir='ltr'>aeternam</span> <span class='ocrx_word' id='word_1_250' title='bbox 894 3945 1122 4030; x_wconf 81' lang='lat' dir='ltr'>consulebat,</span> <span class='ocrx_word' id='word_1_251' title='bbox 1143 3963 1185 4022; x_wconf 92' lang='lat' dir='ltr'>ut</span> <span class='ocrx_word' id='word_1_252' title='bbox 1196 3938 1378 4041; x_wconf 86' lang='lat' dir='ltr'>populum</span> 
     </span>
     <span class='ocr_line' id='line_1_33' title="bbox 325 4039 1381 4147; baseline -0.006 -27"><span class='ocrx_word' id='word_1_253' title='bbox 325 4039 554 4121; x_wconf 87' lang='lat' dir='ltr'>Israeliticnm</span> <span class='ocrx_word' id='word_1_254' title='bbox 575 4066 732 4146; x_wconf 84' lang='lat' dir='ltr'>regeret,</span> <span class='ocrx_word' id='word_1_255' title='bbox 751 4063 941 4147; x_wconf 88' lang='lat' dir='ltr'>antequam</span> <span class='ocrx_word' id='word_1_256' title='bbox 958 4046 1056 4123; x_wconf 82' lang='lat' dir='ltr'>Deua</span> <span class='ocrx_word' id='word_1_257' title='bbox 1072 4047 1189 4141; x_wconf 82' lang='lat' dir='ltr'>legem</span> <span class='ocrx_word' id='word_1_258' title='bbox 1216 4041 1381 4136; x_wconf 85' lang='lat' dir='ltr'>scriptam</span> 
     </span>
    </p>
   </div>
   <div class='ocr_carea' id='block_1_5' title="bbox 325 4139 1387 4344">
    <p class='ocr_par' dir='ltr' id='par_1_5' title="bbox 325 4139 1387 4344">
     <span class='ocr_line' id='line_1_34' title="bbox 325 4139 1383 4248; baseline -0.007 -30"><span class='ocrx_word' id='word_1_259' title='bbox 325 4139 485 4218; x_wconf 81' lang='lat' dir='ltr'>dedisset.</span> <span class='ocrx_word' id='word_1_260' title='bbox 518 4145 725 4248; x_wconf 77' lang='lat' dir='ltr'>HincJeteo</span> <span class='ocrx_word' id='word_1_261' title='bbox 739 4149 864 4226; x_wconf 90' lang='lat' dir='ltr'>socero</span> <span class='ocrx_word' id='word_1_262' title='bbox 879 4148 939 4225; x_wconf 89' lang='lat' dir='ltr'>suo</span> <span class='ocrx_word' id='word_1_263' title='bbox 955 4145 1147 4242; x_wconf 82' lang='lat' dir='ltr'>respondet</span> <span class='ocrx_word' id='word_1_264' title='bbox 1163 4191 1172 4217; x_wconf 78' lang='lat'>‚</span> <span class='ocrx_word' id='word_1_265' title='bbox 1192 4141 1309 4217; x_wconf 84' lang='lat' dir='ltr'>Exodi</span> <span class='ocrx_word' id='word_1_266' title='bbox 1325 4149 1383 4223; x_wconf 85' lang='lat'>18.</span> 
     </span>
     <span class='ocr_line' id='line_1_35' title="bbox 327 4242 1387 4344; baseline -0.003 -34"><span class='ocrx_word' id='word_1_267' title='bbox 327 4242 429 4312; x_wconf 75' lang='lat' dir='ltr'>Venit</span> <span class='ocrx_word' id='word_1_268' title='bbox 453 4247 493 4309; x_wconf 79' lang='lat' dir='ltr'>ad</span> <span class='ocrx_word' id='word_1_269' title='bbox 515 4272 567 4317; x_wconf 85' lang='lat' dir='ltr'>me</span> <span class='ocrx_word' id='word_1_270' title='bbox 584 4260 717 4343; x_wconf 81' lang='lat' dir='ltr'>populus</span> <span class='ocrx_word' id='word_1_271' title='bbox 736 4272 877 4344; x_wconf 74' lang='lat' dir='ltr'>querens</span> <span class='ocrx_word' id='word_1_272' title='bbox 898 4249 1095 4332; x_wconf 72' lang='lat' dir='ltr'>sententiam</span> <span class='ocrx_word' id='word_1_273' title='bbox 1122 4243 1202 4314; x_wconf 78' lang='lat' dir='ltr'>Des.</span> <span class='ocrx_word' id='word_1_274' title='bbox 1242 4246 1387 4334; x_wconf 82' lang='lat' dir='ltr'>Cumque</span> 
     </span>
    </p>
   </div>
   <div class='ocr_carea' id='block_1_6' title="bbox 323 4339 1483 4721">
    <p class='ocr_par' dir='ltr' id='par_1_6' title="bbox 328 4339 1391 4448">
     <span class='ocr_line' id='line_1_36' title="bbox 328 4339 1391 4448; baseline 0 -39"><span class='ocrx_word' id='word_1_275' title='bbox 328 4345 488 4411; x_wconf 78' lang='lat' dir='ltr'>acciderit</span> <span class='ocrx_word' id='word_1_276' title='bbox 508 4358 558 4420; x_wconf 84' lang='lat' dir='ltr'>eir</span> <span class='ocrx_word' id='word_1_277' title='bbox 581 4355 691 4448; x_wconf 80' lang='lat' dir='ltr'>aliqua</span> <span class='ocrx_word' id='word_1_278' title='bbox 711 4349 931 4438; x_wconf 70' lang='lat' dir='ltr'>disceptatio,</span> <span class='ocrx_word' id='word_1_279' title='bbox 948 4350 1091 4415; x_wconf 76' lang='lat' dir='ltr'>veniunt</span> <span class='ocrx_word' id='word_1_280' title='bbox 1118 4345 1159 4410; x_wconf 83' lang='lat' dir='ltr'>ad</span> <span class='ocrx_word' id='word_1_281' title='bbox 1181 4362 1253 4428; x_wconf 78' lang='lat' dir='ltr'>ane,</span> <span class='ocrx_word' id='word_1_282' title='bbox 1279 4360 1316 4410; x_wconf 84' lang='lat' dir='ltr'>ut</span> <span class='ocrx_word' id='word_1_283' title='bbox 1329 4339 1391 4429; x_wconf 74' lang='lat' dir='ltr'>jn·</span> 
     </span>
    </p>

    <p class='ocr_par' dir='ltr' id='par_1_7' title="bbox 326 4439 1483 4538">
     <span class='ocr_line' id='line_1_37' title="bbox 326 4439 1483 4538; baseline -0.003 -26"><span class='ocrx_word' id='word_1_284' title='bbox 326 4444 651 4537; x_wconf 66' lang='lat' dir='ltr'>dcereimmo,</span> <span class='ocrx_word' id='word_1_285' title='bbox 679 4453 720 4521; x_wconf 62' lang='lat' dir='ltr'>su</span> <span class='ocrx_word' id='word_1_286' title='bbox 745 4450 903 4531; x_wconf 79' lang='lat' dir='ltr'>oliendam</span> <span class='ocrx_word' id='word_1_287' title='bbox 930 4462 1089 4538; x_wconf 79' lang='lat' dir='ltr'>precepta</span> <span class='ocrx_word' id='word_1_288' title='bbox 1120 4443 1189 4515; x_wconf 84' lang='lat' dir='ltr'>Drr&#39;</span> <span class='ocrx_word' id='word_1_289' title='bbox 1205 4498 1216 4528; x_wconf 87' lang='lat'><strong>,</strong></span> <span class='ocrx_word' id='word_1_290' title='bbox 1235 4444 1277 4513; x_wconf 62' lang='lat' dir='ltr'>(f</span> <span class='ocrx_word' id='word_1_291' title='bbox 1304 4439 1391 4532; x_wconf 78' lang='lat' dir='ltr'>leger</span> <span class='ocrx_word' id='word_1_292' title='bbox 1477 4451 1483 4462; x_wconf 88' lang='lat'>&#39;</span> 
     </span>
    </p>

    <p class='ocr_par' dir='ltr' id='par_1_8' title="bbox 323 4541 1391 4721">
     <span class='ocr_line' id='line_1_38' title="bbox 323 4541 1391 4649; baseline -0.02 -12"><span class='ocrx_word' id='word_1_293' title='bbox 323 4542 413 4637; x_wconf 65' lang='lat'>‘7&#39;250</span> <span class='ocrx_word' id='word_1_294' title='bbox 447 4541 525 4625; x_wconf 82' lang='lat' dir='ltr'>Nn</span> <span class='ocrx_word' id='word_1_295' title='bbox 556 4555 654 4632; x_wconf 90' lang='lat' dir='ltr'>enim</span> <span class='ocrx_word' id='word_1_296' title='bbox 679 4554 746 4631; x_wconf 81' lang='lat' dir='ltr'>luae</span> <span class='ocrx_word' id='word_1_297' title='bbox 770 4550 887 4634; x_wconf 84' lang='lat' dir='ltr'>menti</span> <span class='ocrx_word' id='word_1_298' title='bbox 912 4544 1154 4649; x_wconf 69' lang='lat' dir='ltr'>presidentem</span> <span class='ocrx_word' id='word_1_299' title='bbox 1182 4542 1391 4624; x_wconf 82' lang='lat' dir='ltr'>Dominum</span> 
     </span>
     <span class='ocr_line' id='line_1_39' title="bbox 382 4665 1325 4721; baseline -0.005 2"><span class='ocrx_word' id='word_1_300' title='bbox 382 4696 399 4704; x_wconf 42' lang='lat'>⁴·</span> <span class='ocrx_word' id='word_1_301' title='bbox 1234 4665 1325 4721; x_wconf 79' lang='lat' dir='ltr'>cuu-</span> 
     </span>
    </p>
   </div>
   <div class='ocr_carea' id='block_1_7' title="bbox 0 0 1903 5375">
    <p class='ocr_par' dir='ltr' id='par_1_9' title="bbox 0 0 1903 5375">
     <span class='ocr_line' id='line_1_40' title="bbox 0 0 1903 5375; baseline 0 0"><span class='ocrx_word' id='word_1_302' title='bbox 0 0 1903 5375; x_wconf 95' lang='lat' dir='ltr'> </span> 
     </span>
    </p>
   </div>
  </div>
 </body>
</html>
