3792 5375
666 571 737 670 Do
767 571 998 690 Decologo.
1294 601 1371 681 r3t

323 750 398 850 llo;
411 751 490 829 imo
514 748 578 852 qui
597 748 635 825 in
653 771 730 828 uno
746 745 888 854 oppido
905 745 1015 826 noae
1027 744 1224 846 dormivit.
1242 749 1279 826 in
1322 768 1376 829 oo

320 853 468 972 sequeno
497 848 571 927 dier
591 847 695 926 teitus
712 848 794 934 est.
816 870 894 928 non
917 863 1059 934 reamur
1086 843 1229 935 Milium
1252 870 1298 932 au

322 952 525 1058 pnuiquam
555 949 707 1027 recedat

436 1151 439 1156 ’
573 1125 897 1220 Rucuta
941 1127 1112 1220 XXV.

322 1289 404 1378 Lex
429 1288 583 1375 humana
610 1290 680 1370 live
706 1291 960 1378 ecclesiastica,
983 1288 1055 1369 five
1075 1289 1186 1372 civilia
1209 1286 1370 1385 obligato

376 1414 456 1508 nun
476 1397 635 1509 videtur,
661 1390 725 1510 pli
747 1394 896 1470 tolemui
916 1413 1020 1471 more
1042 1391 1269 1502 promulgata
1291 1388 1369 1469 fuo-

378 1508 482 1570 nrm
508 1515 714 1592 pruvinum·

406 1671 490 1747 egea
512 1656 609 1727 enim
632 1654 678 1729 ita
699 1646 921 1751 promulgari
945 1643 1081 1758 neceti'e
1101 1649 1231 1732 estrat
1250 1648 1288 1725 ln
1307 1645 1432 1724 nolle
1450 1646 1551 1803 ta&

423 1771 524 1834 rum,
541 1751 670 1846 quibua
692 1752 770 1830 latae
794 1749 903 1837 lunt.
928 1752 1094 1829 notitiam
1120 1747 1222 1828 lacile
1246 1769 1369 1847 pervo-
1384 1742 1469 1863 pipp
1479 1798 1571 1868 ω

323 1859 446 1928 οιαιιε,
463 1863 524 1928 aut
544 1854 726 1945 pervenire
748 1846 898 1951 poliint,
918 1866 959 1933 ut
975 1851 1114 1930 conitar
1134 1872 1181 1928 ex
1203 1845 1244 1929 t„
1268 1853 1370 1942 Leges
1385 1874 1538 1951 sm
1597 1853 1603 1860 ·

322 1948 561 2046 [minim.
578 1947 620 2028 C·
642 1953 696 2030 tit.
724 1953 776 2024 De
798 1947 964 2134 inficior,
982 1950 1020 2030 81
1041 1942 1224 2047 011111ὲί1111
1247 1970 1294 2025 ex
1315 1949 1373 2019 Ir-

324 2054 473 2123 noceatio
489 2050 555 2123 ΙΙΙ.
578 2071 654 2146 cap.
687 2051 734 2119 vd
746 2048 808 2120 laaec
817 2096 829 2135 ,
872 2066 970 2149 xtra,
989 2053 1044 2125 De
1060 2046 1275 2127 Pullularione
1290 2053 1376 2120 Pra-

327 2153 471 2223 urorum
486 2201 496 2234 2
512 2154 614 2241 cuiue
637 2149 714 2229 haec
735 2147 815 2227 lunt
838 2152 969 2242 rerba:
993 2205 1050 2244 „„
1077 2144 1174 2230 Cum
1201 2145 1372 2229 constitit·

323 2252 379 2329 tio
391 2248 593 2327 solemmter
605 2248 746 2337 oditur.
763 2265 824 2329 aut
846 2250 988 2349 publice
1004 2248 1276 2349 promulgatur,
1295 2268 1372 2326 non

324 2351 376 2429 eil
393 2343 640 2439 neceffarium.
660 2352 824 2429 notitiam
845 2346 950 2450 ipliuc
970 2372 1033 2450 per
1055 2348 1200 2451 speciale
1226 2346 1371 2426 oranda·

323 2465 404 2528 tum
425 2447 646 2544 lingulorum
665 2452 807 2530 aurium
826 2449 1020 2536 inculcare,
1040 2446 1099 2530 teo
1113 2448 1150 2527 id
1166 2446 1280 2527 solum
1302 2444 1372 2526 suf·

322 2547 424 2630 ficit,
444 2566 485 2628 ut
498 2547 543 2622 ad
562 2551 637 2643 ejur
661 2547 919 2628 observantiam
936 2551 1017 2651 quio
1039 2563 1221 2637 nneatm,
1242 2544 1267 2623 fi
1290 2569 1372 2627 eam

325 2650 529 2728 lolemniter
551 2651 714 2730 editam,
742 2665 803 2734 aut
829 2649 971 2746 publice
991 2649 1132 2729 noverit
1163 2644 1382 2750 promulga-¹

326 2762 400 2825 tam
426 2796 499 2840 „„.
527 2744 568 2824 ln
593 2753 756 2829 omnium
809 2775 895 2832 orto
921 2752 1087 2830 notitiam
1124 2747 1226 2829 facile
1247 2769 1371 2845 perva-

327 2774 1372 3042 titillationi„illitteratura

326 3052 416 3118 rium
436 3043 732 3130 Tarraconensem
755 3049 994 3145 Episcopum.
1022 3046 1245 3132 Decretaltm
1272 3042 1371 3125 'suam

326 3149 365 3224 ln
393 3154 549 3247 quinque
569 3146 763 3245 Hil'paniae.
784 3149 972 3247 vicinisque
994 3148 1186 3246 provinciis
1208 3142 1372 3243 promul·

320 3269 400 3425 pan
422 3247 543 3324 tanxit.
568 3304 590 3341 „
604 3304 626 3338 „
654 3249 698 3330 Et
716 3250 791 3329 haec
814 3252 832 3342 (
843 3250 980 3344 nquit)
1000 3248 1044 3323 ad
1068 3244 1376 3328 tucconlultare·

335 3347 542 3451 eripimus,
560 3353 648 3430 utin
664 3355 827 3429 omnium
843 3346 1153 3448 coepiscoporum
1169 3346 1375 3428 nostrorum

322 3452 469 3548 perleui
488 3447 591 3525 iacias
615 3460 825 3532 notionem,
847 3451 883 3524 δι
911 3472 986 3524 non
1010 3447 1125 3525 lulum
1149 3467 1296 3532 eorum.
1311 3445 1377 3543 qui

321 3551 432 3629 intua
454 3548 471 3620 l‘
516 3564 531 3623 t
554 3547 707 3635 Dioecelt
730 3550 912 3629 constituti
931 3603 941 3635 ,
959 3545 1018 3626 led
1038 3550 1144 3624 etiam
1167 3544 1212 3627 ad
1235 3547 1377 3624 univer-

321 3645 378 3763 sos
401 3571 716 3749 cnfflagtnentta,
743 3647 917 3732 Baeticos.
944 3645 1152 3734 [ultanus.
1167 3660 1275 3763 atque
1294 3643 1378 3728 Col·

324 3745 456 3824 mena,
475 3748 529 3822 vel
553 3773 636 3843 eoo,
656 3754 717 3850 qui
731 3752 853 3828 vicinis
869 3744 1079 3827 collimitant
1093 3743 1273 3826 hincinde
1288 3765 1376 3831 pro·

324 3847 473 3932 vincio.
498 3846 690 3946 haec.quae
715 3874 736 3930 a
758 3849 862 3927 nobie
890 3846 969 3927 lunt
997 3846 1120 3929 salubri
1145 3843 1373 3926 ordinatione

324 3945 505 4045 tliipoitta.
529 3947 591 4027 iub
611 3951 791 4029 literarum
813 3967 954 4030 tuarum
969 3947 1216 4047 prosecutione
1229 3946 1373 4024 mittan·

324 4059 396 4128 tur·
423 4047 466 4128 Et
483 4069 700 4150 quamquam
717 4049 840 4128 statuta
866 4048 962 4125 Sedis
981 4045 1205 4142 apollolicae.
1227 4041 1283 4127 vel
1303 4039 1375 4119 Co·

322 4169 465 4225 nonum
488 4151 695 4227 venerabilia
719 4146 860 4228 definita
885 4200 896 4233 ,
922 4144 1008 4224 nulli
1032 4141 1266 4225 Sacerdotula
1291 4137 1376 4219 Do·

323 4250 411 4325 mini
435 4249 601 4341 ignorare
620 4247 662 4331 fit
684 4249 858 4332 liberum.
882 4244 1000 4327 utillur
1014 4261 1151 4328 mmet,
1170 4242 1208 4320 &
1227 4263 1295 4338 pro
1310 4263 1376 4321 au·

325 4349 487 4442 tiuuitate
503 4348 700 4429 Sacerdorii
721 4350 772 4430 tui
797 4344 975 4424 diletlioni
998 4358 1068 4427 tua
1083 4341 1281 4422 admodum
1306 4363 1374 4438 po·

324 4448 407 4547 terit
428 4443 496 4528 elle
517 4447 735 4542 gloriosum,
753 4445 777 4524 ll
798 4467 837 4527 ea
852 4493 863 4526 .
881 4465 962 4546 que
981 4443 1025 4525 ad
1046 4459 1082 4528 re
1100 4440 1235 4540 speciali
1256 4443 1376 4526 nomi.

324 4568 372 4629 ne
390 4549 606 4652 genennae
626 4549 753 4649 scripta
772 4545 876 4728 lupo.
894 4565 959 4648 ptr
979 4544 1218 4631 unaniumtiv
1240 4541 1379 4722 iptio·
