3792 5375
499 519 567 610 De
596 524 732 633 primo
747 516 950 636 Deculogi
975 530 1197 640 praecepto}
1292 499 1376 633 ‘³37

326 732 386 781 „„
415 685 573 785 Diligere
607 694 770 769 inimicos
810 696 845 770 in
875 697 1029 791 generali
1061 697 1110 770 est
1135 697 1170 769 in
1191 717 1372 792 praecepro

329 792 496 882 (inquit)
519 795 554 864 in
573 790 708 885 speciali
723 813 862 879 autern,
886 809 961 869 non
979 792 1075 870 estin
1090 817 1290 892 praecepto,
1308 800 1370 874 nili

323 888 517 967 secundum
541 896 831 986 praeparationem
854 897 961 970 animi
984 915 994 985 ;
1018 910 1058 971 ut
1090 893 1219 971 scilicet
1251 895 1366 971 hnmu

324 985 408 1065 esset
427 1009 566 1085 paratus
588 996 692 1066 etiam
711 992 899 1086 specialiter
917 996 1102 1069 inimicum
1130 994 1295 1093 diligere,
1328 998 1366 1070 dr

321 1112 406 1164 eum
435 1092 557 1184 juvare
577 1095 613 1165 in
653 1089 859 1174 necessitatis
882 1094 1061 1177 articulo,
1092 1092 1193 1169 relfi
1229 1097 1368 1172 veniam

324 1207 461 1284 peieret
473 1246 495 1278 t>
506 1237 542 1280 „0

373 1286 551 1365 Caeterum
571 1293 731 1388 quamvis
754 1288 887 1387 semper
902 1289 944 1366 srt
958 1290 1131 1387 ejusmodi
1152 1291 1367 1369 benevolen-

322 1389 380 1463 tiae
399 1387 538 1482 lignum
580 1392 726 1466 inimico
754 1397 892 1467 veniant
933 1396 1066 1488 petenti
1096 1392 1365 1472 exhibendum.

323 1486 425 1580 quod
451 1485 576 1564 sufficit
599 1491 643 1564 nd
674 1490 937 1588 depositionem
969 1494 1042 1569 odii
1075 1490 1358 1589 significandum,

324 1587 584 1664 &charitatem
610 1592 946 1686 comprobandam,
973 1616 1047 1667 non
1072 1593 1193 1666 eadem
1219 1609 1362 1670 tamen·

320 1687 534 1761 neceodenr
561 1693 673 1764 morlo
697 1691 775 1765 sunt
798 1692 841 1763 ab
864 1688 1361 1786 omnibusexigendatsrcut
1428 1737 1430 1742 ·
1485 1687 1487 1692 ’

322 1805 389 1861 nec
409 1788 452 1862 ab
469 1789 634 1862 omnibus
654 1790 872 1884 exigendum
888 1793 956 1863 elt=
981 1808 1020 1865 ut
1042 1795 1180 1866 veniam
1206 1809 1361 1884 rogent,

323 1910 406 1960 cum
418 1887 622 1983 quibusdam
645 1890 719 1965 satis
735 1888 797 1964 sit,
813 1908 852 1965 ut
871 1889 924 1962 vel
941 1887 1154 1967 salutationis
1176 1878 1358 1976 olilcium,

286 2059 290 2066 ,
323 1986 379 2060 rel
402 1987 499 2072 aliud
535 1992 791 2064 benevolentiae
829 1987 967 2083 lignum
1003 1991 1138 2084 priores
1160 1989 1362 2066 exhibeant.

324 2085 398 2160 rllia
413 2088 506 2160 eninr
522 2090 652 2162 debent
674 2090 763 2164 lilius
791 2105 900 2185 patrr,
931 2088 1046 2165 servus
1070 2086 1259 2166 Domino.
1283 2087 1362 2162 sub·

321 2185 415 2261 ditus
435 2184 639 2282 Superiori,
662 2189 817 2282 plebeius
835 2179 976 2270 Nobili,
999 2212 1106 2284 quarn
1132 2204 1231 2286 pater
1256 2184 1357 2275 lilio,

321 2282 503 2360 Dominus
522 2291 645 2373 servo,
664 2290 832 2381 Superior
849 2286 1011 2373 subdito,
1032 2288 1169 2364 Nobilis
1190 2287 1358 2388 plebeio}

320 2384 384 2458 alia
408 2384 467 2460 libi
486 2405 617 2464 mutuo
639 2388 768 2464 debent
788 2385 959 2472 Nobiles,
982 2387 1035 2463 rel
1055 2387 1201 2473 Clerici,
1219 2402 1279 2464 aut
1292 2386 1358 2463 lle·

319 2484 432 2578 liginli
454 2487 613 2582 aequales·
643 2486 871 2586 Nampater,
898 2486 1087 2573 dominor,
1104 2487 1290 2583 Superior,
1311 2494 1359 2564 ita
1459 2562 1466 2584 ,

318 2606 462 2681 parcere
485 2602 624 2662 tenetur
647 2586 740 2668 lilio,
761 2588 883 2671 servo,
908 2601 969 2666 aut
991 2587 1130 2665 subdito
1147 2589 1282 2663 veniam
1297 2610 1359 2683 pe·
1464 2655 1466 2660 ,

320 2690 434 2762 tenti,
456 2686 492 2761 dr
515 2690 769 2764 benevolentia)
792 2692 1131 2767 demonstrationem
1153 2693 1199 2762 ira
1222 2702 1359 2783 tempe·

317 2807 416 2871 rnre,
453 2801 493 2861 ut
522 2804 640 2863 ranaen
671 2795 935 2884 correptionem
957 2845 967 2872 ,
993 2792 1029 2863 dr
1057 2787 1300 2886 disciplinam.
1332 2786 1357 2863 fr

253 2914 256 2921 ’
320 2882 454 2961 necesse
476 2886 536 2970 srt,
567 2913 640 2962 non
667 2893 831 2965 remittat·
860 2887 965 2967 Unde
987 2897 1018 2956 t·
1034 2894 1165 2980 August,
1190 2889 1305 2962 serm.
1323 2906 1355 2965 t.

319 2985 399 3060 alias
416 3007 445 3057 r.
466 3009 510 3063 ex
536 2989 574 3060 iis
594 3012 686 3084 quos
709 2987 818 3063 edidit
837 2990 1045 3070 sirmondus,
1073 2990 1139 3061 ait:
1159 3043 1180 3076 „
1195 3043 1215 3076 „
1234 2983 1358 3061 litter,

321 3090 493 3181 quianon
514 3087 639 3162 dimisit
656 3088 712 3162 ille
731 3142 740 3171 ,
765 3090 825 3182 qui
840 3090 969 3163 clamat
994 3085 1009 3161 i
1050 3084 1154 3162 Forte
1180 3088 1273 3159 eninr
1298 3084 1358 3155 nli-

320 3185 466 3282 quando
488 3185 615 3260 clamat
635 3189 781 3283 aliquis,
807 3189 842 3261 δι
872 3191 967 3276 iubet
992 3186 1079 3259 caedi
1101 3184 1355 3265 horninenr‚&

320 3300 440 3379 putas,
462 3290 542 3380 quia
571 3313 643 3361 non
666 3286 803 3360 drmilrt.
832 3284 953 3374 Qnrre
975 3285 988 3359 i
1008 3282 1065 3359 Tu
1092 3290 1235 3381 quando
1255 3286 1358 3358 credie

317 3384 429 3460 lilium
452 3403 573 3470 tuum,
597 3408 694 3461 tenes
718 3387 841 3461 odiunr
863 3392 896 3460 in
921 3386 1112 3459 cordetuo
1138 3384 1153 3459 i
1183 3383 1275 3474 lirgn
1304 3390 1356 3457 rc'a

317 3486 354 3557 in
374 3485 484 3560 corde
506 3486 580 3571 eli,
600 3485 692 3562 solus
719 3483 816 3562 Deus
840 3486 951 3567 vidit,
970 3483 993 3558 st
1012 3480 1187 3558 dimissum
1201 3486 1260 3557 eli·
1290 3483 1359 3556 rili·

318 3584 466 3677 quando
499 3609 593 3659 emm
630 3613 703 3661 nou
738 3588 838 3660 caedit
857 3586 1012 3683 aliquia,
1049 3586 1184 3658 videtur
1214 3606 1357 3680 parcere

320 3705 451 3762 manu.
474 3686 616 3760 &lavit
635 3689 669 3760 in
686 3687 823 3772 corde,
846 3688 881 3759 δι
906 3700 1009 3780 optat
1028 3683 1117 3758 male
1141 3683 1279 3758 homini
1303 3685 1357 3754 in-

323 3786 456 3860 tans&
484 3788 661 3861 vulteum
685 3789 824 3875 necari;
848 3802 943 3860 tenet
966 3799 1089 3858 contra
1113 3782 1210 3859 illurn
1231 3783 1357 3856 malaur

320 3882 571 3964 voluntatem,
598 3888 756 3983 quamvis
781 3884 866 3959 nihil
890 3883 934 3958 illi
959 3881 1191 3977 corporaliter
1212 3883 1358 3957 reddere

319 3984 492 4059 videatur·
526 3980 678 4059 Econtra
710 3990 815 4068 lunt,
839 3988 897 4080 qui
928 3986 1159 4076 corpornlirer
1190 3981 1285 4072 quali
1309 3984 1359 4052 vi-

320 4085 629 4177 denturreddere;
654 4085 708 4158 sed
732 4085 927 4178 corporalis
959 4083 1014 4156 illa
1031 4084 1240 4176 correptio,
1261 4076 1358 4174 quali

319 4184 461 4261 dueum
479 4186 550 4275 eli3
574 4186 616 4259 ad
650 4187 782 4257 bonam
808 4186 914 4254 viram
936 4183 1010 4255 vult
1034 4180 1130 4254 illunr
1150 4183 1360 4271 pervenire·

323 4287 358 4355 &
374 4297 476 4358 tanto
489 4288 598 4379 magis
611 4288 778 4359 vulteum
794 4284 923 4374 corripi
937 4333 946 4361 ,
964 4295 1099 4370 quanto
1127 4284 1237 4372 magis
1260 4278 1360 4353 illnnr

324 4399 426 4457 amat.
458 4383 515 4460 Sic
545 4393 580 4457 dr
605 4383 703 4459 Deus
731 4380 894 4471 nunquid
919 4401 993 4451 non
1014 4400 1079 4450 nos
1099 4375 1244 4473 diligit?
1275 4375 1362 4452 Nun

324 4480 453 4559 arlhoc
465 4507 532 4560 nos
547 4482 732 4563 hortatur,
754 4496 792 4558 ut
809 4479 995 4656 abigantur
1015 4477 1176 4553 inimicos
1195 4476 1361 4567 nolimu,

804 4575 898 4651 *a
1279 4594 1320 4658 or
