3792 5375
437 540 508 658 De
533 540 671 657 primo
698 534 904 655 Decalogi
927 546 1155 694 precepto)
1256 570 1341 672 aer

342 714 395 798 tb
414 710 769 812 AngelicoDotlore
788 710 866 791 haec
879 706 1015 811 Regula
1041 713 1274 793 confirmatur
1289 708 1364 794 lo·

289 841 341 900 co
368 838 459 893 mox
490 811 683 903 indicato,
709 827 773 889 art.
797 833 835 907 4·
863 868 922 906 „„
952 813 994 893 lu
1028 815 1162 895 ritibus
1179 815 1344 904 humanit

290 913 456 1013 (inquit)
476 936 551 989 non
567 913 615 990 est
636 912 766 1009 aliquid
780 911 982 1011 fimpliciter
1004 915 1237 1009 judicandum
1267 915 1345 1000 lici.-

288 1036 395 1104 tum,
411 1018 466 1093 rel
484 1014 646 1089 illicitum
672 1059 681 1088 2
702 1026 850 1108 propter
864 1014 923 1098 id,
941 1016 1044 1112 quod
1069 1016 1198 1093 accidit
1219 1022 1255 1092 iu
1284 1017 1346 1108 ali,-

292 1141 371 1217 quo
394 1113 593 1214 particulari
613 1111 784 1191 calutled
807 1126 957 1209 propter
975 1113 1036 1204 id,
1051 1116 1152 1210 quod
1165 1117 1238 1203 est,
1252 1130 1293 1194 ut
1307 1118 1345 1197 iu
1385 1121 1387 1126 ’

294 1220 465 1316 pluribus.
492 1212 682 1309 Contingit
699 1231 818 1292 tutem
835 1216 871 1289 in
892 1213 1014 1310 aliquo
1031 1214 1111 1294 colu
1129 1268 1137 1290 .
1153 1218 1254 1314 quod
1270 1213 1347 1293 abs.
1451 1279 1457 1293 .

292 1342 366 1419 que
390 1333 539 1414 peccato
559 1313 684 1410 aliquio
707 1313 823 1406 potest
846 1314 1062 1411 adstringere
1085 1314 1240 1415 aliquem
1250 1318 1345 1413 juta·

293 1433 420 1496 mento
433 1413 479 1494 ad
503 1411 596 1497 hoc,
619 1415 719 1510 quod
745 1411 972 1510 Religionem
991 1438 1067 1492 uon
1078 1417 1186 1493 intret
1203 1468 1214 1495 .
1229 1435 1340 1513 puta.

291 1516 319 1597 ss
341 1514 433 1594 ellet‘
444 1515 677 1596 matrimonio
700 1510 848 1609 ligatus,
867 1514 905 1590 ἃ
923 1514 1027 1592 vellet
1048 1515 1177 1613 absque
1194 1515 1345 1595 consen·

290 1617 330 1699 su
352 1620 480 1696 uxoris
507 1610 735 1709 Religionem
758 1616 908 1693 intrate.
935 1613 992 1690 vel
1009 1618 1045 1691 iu
1065 1615 1199 1696 casibus
1227 1613 1347 1693 fimili·
1463 1666 1470 1672 -

291 1718 371 1803 bus·
397 1714 612 1813 Simpliciter
635 1728 754 1789 autem
783 1712 969 1808 loquendo
991 1714 1159 1792 inducere
1189 1715 1344 1813 aliquem

294 1817 341 1896 ad
357 1816 571 1912 jurandum,
589 1811 690 1907 quod
702 1809 929 1907 Religionem
944 1837 1020 1889 notr
1035 1816 1162 1903 intret,
1177 1839 1284 1913 grave
1296 1815 1346 1892 eli

300 1930 503 2017 peccatum.
531 1911 567 1989 Si
584 1912 814 2008 enimaliquis
836 1911 940 1989 vellet
951 1910 1178 2009 Religionem
1196 1919 1344 2002 intrare,

304 2017 340 2092 dr
368 2018 568 2093 lmmineret
590 2013 841 2111 opportunitas
867 2015 1058 2106 temporit,
1077 2016 1113 2090 &
1139 2036 1266 2091 omnes
1280 2016 1348 2089 cie·
1402 2108 1404 2112 Ι

297 2114 518 2198 cumllentiae
539 2115 795 2188 convenirent.
812 2114 966 2204 graviter
987 2127 1169 2209 peccaret,
1182 2115 1243 2210 qui
1262 2134 1348 2190 eum

295 2217 342 2291 ab
362 2209 515 2311 iugrellu
539 2208 736 2309 Religionis
768 2210 984 2309 prohiberet.
1026 2212 1133 2293 Unde
1164 2211 1347 2293 Dominut

292 2316 423 2390 March.
435 2330 494 2405 23.
511 2314 576 2394 ait:
592 2312 645 2383 Vae
664 2306 759 2380 vobit
784 2306 901 2382 Scribe
926 2354 936 2391 ,
962 2316 1006 2386 el*
1023 2311 1175 2397 Pharrscr'
1197 2314 1347 2407 hypocri-

291 2431 354 2501 τι,
371 2416 450 2511 quia
470 2413 624 2484 clauditis
645 2432 779 2505 regnum
802 2411 952 2484 celorum
979 2432 1056 2486 ente
1082 2414 1226 2486 dominer
1247 2444 1261 2495 ,·
1284 2435 1347 2484 var

293 2517 380 2586 enim
403 2537 464 2583 non
484 2514 622 2582 intratis
637 2534 714 2591 ‚nec
738 2514 940 2583 introeuntes
957 2510 1066 2597 finitis
1083 2518 1223 2583 intrare.
1249 2511 1346 2593 Cum

295 2630 414 2696 autem
436 2613 560 2713 aliquit
579 2611 663 2689 iacit
673 2609 826 2709 aliquem
850 2615 987 2706 jurare,
1003 2612 1104 2713 quod
1119 2611 1347 2714 Religionem

295 2739 372 2792 non
397 2718 558 2798 intrabit,
572 2713 1022 2809 impediteum‚quuntum
1044 2718 1080 2791 in
1102 2714 1216 2798 secti.
1239 2717 1284 2791 ab
1298 2718 1351 2790 inv

295 2811 413 2912 gressu
436 2812 631 2910 Religionis
648 2813 840 2889 secundum
866 2813 1113 2912 quodcunque
1135 2815 1349 2910 tenipum&
1429 2836 1432 2845 ·

295 2913 491 2992 fecundum
506 2935 761 3012 quamcunque
773 2914 1069 2990 circumstantiam
1086 2931 1345 3009 opportunamt

296 3016 379 3112 quia
398 3017 434 3089 in
463 3012 640 3091 universali
676 3012 908 3090 includuntur
937 3016 1059 3089 omnia
1091 3015 1310 3110 particularia
1334 3037 1347 3105 ;

296 3113 392 3193 unde
413 3111 633 3189 manifestum
649 3111 721 3186 est,
741 3111 842 3207 quod
865 3116 1019 3210 graviter
1041 3130 1166 3207 peccat
1183 3169 1203 3203 „
1217 3161 1251 3202 „·

343 3221 531 3290 Praerrreez
551 3267 573 3302 „
589 3267 611 3303 ‚‚
645 3208 873 3303 Propofitunr
896 3213 1048 3288 intrandi
1076 3210 1305 3310 Religionem
1327 3236 1349 3290 ι

295 3310 427 3411 Spiritu
450 3311 568 3389 sanilo
591 3312 660 3389 est,
677 3328 716 3388 ut
737 3309 886 3387 liabetur
917 3312 1015 3389 caula
1041 3329 1099 3400 19.
1117 3337 1177 3409 qu.
1205 3329 1240 3392 2.
1256 3313 1346 3390 Can.

295 3417 402 3496 υκαι
423 3412 493 3495 Sed
516 3408 668 3489 resiliero
688 3410 832 3505 Spiritui
866 3412 982 3487 sanilo
1007 3413 1056 3488 est
1086 3435 1195 3508 grane
1225 3434 1353 3506 pecca·

299 3528 376 3591 tum
391 3515 457 3608 ;de
469 3536 544 3609 quo
561 3509 763 3606 Stephanus
776 3510 1002 3607 reprehendit
1014 3509 1160 3608 Judaeos
1172 3565 1183 3598 ‚
1197 3512 1352 3591 neruum

295 3629 333 3706 7.
346 3615 464 3688 dicens
475 3637 483 3687 :
496 3610 530 3681 V
527 3634 561 3678 or
572 3609 696 3702 semper
712 3617 855 3701 Spiritui
866 3609 976 3697 fitadio
991 3607 1151 3699 redditis.
1165 3610 1261 3708 Ergo
1276 3612 1353 3695 ille,

298 3715 361 3809 qui
375 3713 527 3812 aliquem
550 3713 755 3802 juramento
773 3710 957 3807 adstringit
983 3713 1026 3787 ad
1046 3735 1121 3787 nou
1147 3715 1347 3787 intrandam

297 3810 525 3908 Religionem
545 3814 699 3908 graviter
721 3829 845 3907 peccat
860 3867 881 3903 ,‚
896 3860 930 3900 „·
955 3809 1048 3891 Hinc
1074 3811 1162 3888 sacra
1186 3811 1364 3910 Synndne‘

300 3910 509 3989 Tridentino
523 3908 761 4004 Sellancap.
786 3911 840 3987 18·
852 3967 872 4002 „
885 3910 1255 4003 Anatlrematiiubjicit
1266 3935 1352 3988 eus·

299 4067 322 4104 ‚,
338 4013 400 4107 qui
424 4011 572 4087 lanciam
602 4013 779 4101 virginum
810 4011 886 4095 ,vel
908 4011 1053 4087 aliarum
1084 4013 1271 4086 mulierum
1287 4033 1370 4081 vos

299 4167 322 4204 ,‚
343 4112 516 4188 luntatem
540 4108 605 4185 veli
630 4108 858 4197 accipiendi,
882 4111 934 4183 vel
962 4116 1038 4187 voti
1058 4111 1239 4184 emittendi
1260 4131 1352 4199 uuo·

297 4206 1249 4405 nlltrll‘llllliii”lllllfll‘liuill
1264 4231 1354 4381 :553

302 4428 359 4486 cat
380 4434 424 4486 ex
446 4412 534 4506 julia
555 4410 654 4484 caula
671 4430 768 4491 ‚non
787 4421 910 4503 peccat
928 4429 1082 4500 ;nempe
1101 4404 1356 4501 liconjugutua

300 4509 552 4591 consummato
592 4511 823 4590 matrimonio
859 4506 942 4589 velit
973 4505 1202 4590 monasticam
1246 4509 1355 4587 uitam
1503 4512 1513 4531 '

752 4602 891 4703 Dd4
1231 4629 1304 4684 ant·
