3792 5375
439 530 511 623 De
537 522 905 650 pnmotuecalogt
930 531 1158 650 coopto]
1268 535 1367 654 4⁶21

297 700 484 782 aleculari
510 703 656 799 persona
683 726 768 782 curn
797 701 921 790 sacris.
937 705 975 781 ἀ
998 704 1169 802 reiigiobr
1196 703 1354 789 homini·

297 805 385 891 bur,
404 805 460 881 vel
492 802 728 888 monialibus,
749 817 810 880 aut
837 803 1045 883 mulieribus
1071 806 1235 887 castitatir
1261 830 1352 891 roto

295 907 381 983 aliae
403 902 576 983 obstrifflu
597 905 853 997 perpetratum·

350 1002 575 1080 Adulterum
597 1001 766 1098 sacrilegii
783 1017 898 1099 genua
919 1003 1098 1098 pertinent
1126 1027 1365 1107 quocunque

295 1122 426 1181 contra
444 1105 679 1179 reverentiam
702 1102 789 1179 loco
809 1102 907 1179 sacro
929 1104 1086 1181 debitam
1115 1114 1352 1187 committun·

296 1220 377 1290 tur.
393 1221 432 1280 ut
444 1199 621 1278 effrutiiot
637 1200 693 1278 vel
716 1206 921 1280 incendium
936 1201 1117 1291 Eecrenae,
1137 1206 1270 1285 eversio
1290 1209 1352 1286 ill·
1496 1210 1498 1214 ’

297 1307 397 1391 turis,
414 1301 650 1378 homicidium
662 1343 673 1378 2
687 1316 723 1378 at
751 1327 797 1378 ue
816 1304 979 1396 injuriosa
992 1303 1188 1398 sanguinis.
1204 1332 1350 1390 necnon

297 1324 1349 1498 voluntariaseminiseffuimornabeturmaenomenon,

294 1502 372 1581 dist.
391 1526 420 1578 l.
436 1507 491 1574 De
500 1500 754 1586 coniectatione,
767 1501 805 1577 δι
817 1524 894 1594 capa
909 1502 1112 1593 Proposuisti.
1128 1502 1255 1584 Exbde
1265 1516 1350 1596 Con,

290 1605 475 1692 secretione
491 1598 703 1690 dcclefiaemtl
717 1600 951 1679 altariolum
962 1602 1185 1692 infidelis,aut
1197 1627 1349 1687 excom.
1387 1656 1390 1663 .

296 1705 565 1800 municatitqui
596 1702 636 1780 itt
648 1701 789 1790 publice
814 1702 1040 1780 denuntiatus
1059 1752 1071 1782 t
1093 1725 1155 1783 aut
1180 1704 1347 1790 notoriur

295 1802 424 1881 Clerici
443 1798 645 1896 perculior.
675 1804 710 1876 in
741 1801 826 1878 loco
845 1802 943 1878 sacto
966 1803 1175 1903 sepultura}
1191 1820 1231 1883 ut
1255 1831 1348 1884 con.

295 1902 578 1979 statexCanone
593 1889 763 1985 ecclesiis,
780 1923 868 1977 mox
889 1906 999 1979 citato
1012 1958 1022 1990 ,
1037 1904 1161 2004 &cap
1174 1904 1346 1994 consului.
1482 1960 1486 1969 .

290 2001 335 2084 sti
345 2058 356 2089 ‚
378 2002 459 2080 Ext-
475 2008 527 2072 De
545 2001 786 2087 Constrrotione
804 1998 949 2087 Etcltftae
964 2056 974 2086 .
992 2001 1048 2074 vti
1062 2003 1207 2076 Altarisr

349 2101 405 2178 nd
421 2102 581 2178 eamdem
600 2099 738 2178 clallent
763 2104 913 2197 pertinet
935 2102 1344 2196 violatioimmunitatir
1420 2187 1422 2191 ,

296 2197 478 2287 Ecclesia.
502 2218 543 2279 ut
569 2218 664 2298 patet
693 2220 740 2278 ex
774 2204 874 2278 variis
905 2192 1123 2285 Pontificum
1147 2199 1343 2301 respo'ntis,

293 2301 378 2383 Exi.
398 2308 451 2374 ue
477 2305 692 2375 immunitate
716 2299 890 2386 Ecclefiaec
912 2303 996 2379 cum
1022 2294 1150 2380 scilicet
1171 2303 1344 2401 persona}

296 2427 376 2498 quae
389 2403 432 2479 ad
445 2401 569 2480 locum
593 2403 728 2479 sacrum
753 2400 849 2496 quast
875 2398 921 2478 ud
956 2397 1345 2501 asylumconiugerum

294 2502 379 2579 inde
401 2519 534 2580 armata
560 2526 690 2597 manu,
705 2504 742 2580 ἃ
767 2503 800 2577 ri
821 2501 913 2579 illata
933 2502 1155 2589 extrahitur,
1179 2504 1263 2581 licet
1281 2527 1346 2583 eo·

294 2626 376 2680 rum
396 2605 587 2681 criminum
612 2626 668 2679 rea
692 2626 766 2679 non
793 2597 1023 2700 fit2quorum
1049 2602 1344 2690 autoribume!

295 2703 443 2780 consciis
458 2703 605 2803 jusalyli
627 2703 681 2780 vel
704 2699 939 2780 ecclefiailicit
962 2700 1148 2791 Decretis,
1168 2704 1223 2781 vri
1252 2726 1344 2782 con.

295 2804 480 2880 suetudine
498 2803 716 2899 denegatum
728 2804 788 2879 eil·
815 2801 869 2879 r'ld
880 2802 954 2878 hoc
965 2801 1120 2900 denique
1136 2827 1250 2900 genus
1263 2827 1344 2900 per·

295 2906 386 2979 tinet
410 2902 543 2979 furtum
571 2907 618 2978 rei
637 2903 707 2979 iiue
731 2903 832 2980 bere
847 2957 858 2988 ‚
873 2901 1112 2997 ilveproianae
1135 2903 1274 2990 inloto
1294 2904 1312 2980 i
1324 2946 1345 2973 .

294 3026 360 3079 cro
373 3057 382 3084 ,
396 3020 436 3078 ut
454 3003 591 3080 ‘constat
611 3026 657 3079 ex
669 3001 819 3079 Conone
839 2999 1029 3096 Qiiqurs,
1045 3001 1142 3079 caula
1159 3014 1212 3093 17.
1226 3025 1288 3098 qu·
1304 3025 1344 3097 4.

344 3101 397 3177 Ad
424 3101 514 3177 banc
549 3107 676 3200 pariter
710 3103 858 3199 speciem
893 3119 1106 3179 revocantur
1135 3118 1343 3189 mercatus,

293 3200 792 3296 deambulationcs‚judicie‚
821 3201 1128 3277 confabulationes
1153 3202 1342 3298 presertim

292 3303 504 3399 impudicae,
529 3326 607 3399 quc
627 3307 664 3378 in
687 3295 847 3394 Templis
868 3300 983 3387 liunt,
1008 3301 1130 3377 larvae,
1147 3301 1241 3385 ludi.
1262 3306 1341 3399 qui·

292 3404 359 3479 bus
385 3408 553 3479 omnibus
577 3402 647 3477 loci
677 3402 832 3478 [anilitas
851 3404 1024 3485 violatur,
1052 3404 1088 3474 de
1107 3421 1184 3497 quae
1201 3426 1266 3498 pro
1295 3407 1341 3475 ir.

291 3508 495 3579 reverentiae
518 3507 710 3597 gravitate,
728 3506 763 3576 de
789 3504 925 3577 ratione
943 3501 1091 3576 scandali
1109 3501 1182 3583 ‚vel
1201 3518 1342 3597 pertur-

291 3604 445 3678 bationis
467 3607 671 3678 divinorum
694 3599 897 3679 officiorum
918 3601 994 3685 ,vel
1019 3616 1274 3698 contemptus,
1298 3625 1341 3682 ae

293 3706 492 3797 pertinaciae
521 3757 530 3789 ‚
562 3702 605 3777 ad
632 3706 766 3794 peccati
794 3702 952 3777 mortalis
972 3703 1181 3796 gravitatem
1208 3705 1341 3795 pertin·

289 3825 374 3897 gere
400 3799 553 3896 poliunt.
583 3800 642 3879 De
671 3807 799 3901 qulbus
822 3817 920 3877 extat
941 3799 1161 3878 luculentum
1182 3804 1346 3895 Gregorii

289 3905 355 3971 AX·
370 3903 406 3976 in
421 3900 583 3978 Generali
602 3903 768 3979 Concilio
785 3898 1014 3997 Lugdunenfi
1029 3898 1248 3981 Decretum,
1260 3924 1339 3996 cop·

289 4005 414 4086 Decet,
434 4007 489 4083 tit,
506 4006 555 4070 De
567 4006 779 4072 Immunitate
794 3998 1028 4091 Ecclefirrum.
1049 4025 1087 4076 tn
1098 4002 1232 4086 Sexto,
1251 4000 1341 4079 reia,-

288 4105 506 4197 tum‚cujus
529 4100 606 4179 haec
626 4105 705 4178 lunt
719 4101 822 4178 verba
837 4118 915 4193 =„„
945 4097 1063 4177 Decet
1085 4101 1237 4176 domum
1258 4095 1341 4175 Do·

288 4204 375 4278 mini
409 4200 606 4280 sanctitudo
621 4257 631 4285 ,
646 4202 772 4287 decet,
799 4214 839 4277 ut
864 4202 966 4294 cuius
989 4203 1023 4272 in
1043 4220 1129 4292 pace
1158 4198 1265 4275 iatius
1288 4199 1340 4281 eli

288 4300 410 4384 locut.
432 4305 507 4398 ejuu
533 4303 647 4379 cultus
675 4300 718 4377 iit
735 4323 819 4376 cum
840 4299 957 4374 debita
976 4300 1201 4373 veneratione
1221 4296 1341 4389 paeru-

287 4423 363 4476 cut·
389 4400 442 4479 Sit
463 4406 583 4499 itaque
606 4403 649 4478 ad
671 4398 839 4482 Eccleiiar
858 4396 1028 4482 humilis,
1047 4397 1085 4472 ἀ
1109 4395 1261 4475 devotus
1286 4401 1343 4479 iu·

288 4496 454 4598 gre'ilur,
481 4500 522 4586 lit
552 4507 587 4578 in
610 4507 658 4582 eia
689 4505 809 4603 quieta
837 4496 1093 4587 conversatio,
1115 4493 1200 4577 Deo
1221 4513 1341 4599 grate,
1421 4594 1423 4601 Ι

339 4598 435 4675 Tm·
461 4601 596 4680 VIII·
845 4595 933 4697 GR
1243 4602 1297 4676 in·
