3792 5375
444 533 515 626 De
541 475 679 649 primo
701 526 905 647 Deculugi
930 457 1165 650 praecepitii
1261 555 1362 660 ¹495,

302 705 636 805 cognoscendum,
665 704 721 780 rel
746 703 971 804 operandum
995 750 1006 785 a
1032 704 1089 781 vei
1109 705 1357 788 omittendum
1390 773 1393 779 .

301 807 430 906 aliquid
446 810 640 883 circavitae
662 804 877 888 christiana.
908 823 970 882 aut
989 804 1100 881 civilis
1126 802 1243 884 officia
1265 823 1356 982 ‚aff

299 902 527 987 circulorum
549 906 808 1000 contingentia.
839 901 902 979 His
916 908 1012 980 enim
1040 906 1214 983 diabolica
1235 906 1268 981 ie
1286 912 1298 988 i
1341 944 1356 968 ·

299 1008 421 1085 miscet
430 1005 566 1083 illusio,
585 1005 622 1079 de
645 1001 692 1078 fis
706 1007 743 1078 in
769 1006 912 1081 tacitam
939 1027 1023 1082 cum
1040 1006 1271 1114 ¹damonibus
1298 1005 1356 1084 so·

299 1112 463 1186 cietatem
482 1106 658 1182 inciditur·
686 1100 780 1180 Hinc
793 1102 895 1180 sacrae
916 1101 1358 1182 Literaenullamsomnio·

300 1213 381 1286 runi
404 1206 603 1282 habendam
634 1200 702 1280 effe
727 1206 902 1281 rationem
927 1207 1167 1300 praecipiunt,
1195 1207 1355 1301 ipsorum

301 1308 544 1384 observatores
563 1358 574 1390 ,
590 1306 625 1377 &
659 1302 882 1394 conjetiores
913 1307 1040 1380 acriter
1072 1302 1354 1402 reprehendunt.

303 1404 470 1497 Leva19.
492 1407 577 1475 Non
595 1400 838 1496 augurabimini
861 1450 875 1488 ,
902 1426 960 1474 rite
983 1399 1199 1490 observabitis
1211 1401 1351 1493 somnia.

302 1504 414 1585 Deut.
433 1515 486 1590 18.
503 1500 581 1574 Nee
597 1504 792 1572 inueniatur
812 1506 849 1573 iri
868 1522 902 1573 re
923 1557 935 1589 ,
964 1507 1023 1598 qui
1049 1499 1197 1586 observet
1219 1502 1353 1585 somnia·
1464 1519 1471 1550 ¹

303 1606 433 1686 Ecciei.
453 1626 486 1698 ς.
503 1603 626 1674 Multas
641 1616 736 1673 eures
747 1600 926 1698 sequuntur
932 1602 1069 1688 [omniu.
1082 1601 1179 1682 Eccl·
1192 1611 1354 1700 mom-

301 1717 359 1776 nia
376 1707 536 1777 extollunt
560 1710 791 1796 imprudentes.
822 1702 935 1800 Qafi
959 1707 1018 1799 qui
1038 1708 1251 1797 apprehendit
1280 1728 1354 1776 um.

302 1804 394 1877 brem
405 1854 416 1889 ‚
427 1808 469 1877 (1·
478 1808 685 1899 persequitur
703 1822 838 1874 uentum
852 1800 921 1890 istc
934 1808 975 1874 (r
992 1807 1050 1899 qui
1068 1806 1266 1875 attenditui
1277 1806 1353 1892 elifii

303 1910 480 1979 merlaria.
503 1911 575 1975 Hoc
586 1902 758 1990 secundum
783 1904 843 1974 irae
868 1901 952 1991 uifio
966 1902 1175 1991 boariorum.
1191 1951 1222 1975 ..
1246 1904 1355 1976 Diui.
1459 1947 1461 1952 ,

304 2009 398 2077 natio
413 2007 608 2086 trierim&
622 2006 785 2099 auguria,
800 2007 987 2091 mendacia,
1005 2005 1049 2076 θ
1061 2003 1188 2092 somnia
1216 2002 1355 2088 malefa.

304 2106 482 2191 cientium,
503 2109 642 2174 rrariiras
658 2102 714 2187 est,
728 2151 764 2179 ..
791 2100 1102 2198 Nisiabrlltiffimo
1119 2101 1232 2196 fuerit
1244 2098 1356 2193 eiriiffe

301 2203 453 2295 vibratio
468 2229 528 2292 ,rie
548 2207 676 2276 dederis
695 2211 732 2277 in
751 2203 819 2274 illis
845 2228 901 2275 cor
915 2224 1019 2281 tuum.
1049 2205 1179 2277 Multus
1194 2205 1281 2276 enini
1300 2211 1357 2275 'er-
1412 2280 1414 2289 ,

303 2300 689 2396 rerelieeruntsumnia,
702 2311 745 2379 (1·
767 2308 959 2375 exciderunt
970 2304 1133 2398 sperantes
1150 2309 1186 2376 iii
1203 2304 1281 2375 illie.

352 2405 413 2485 De
425 2408 477 2482 his
496 2413 529 2489 S,
545 2407 728 2498 Gregorius
744 2427 902 2498 magnus,
920 2405 980 2483 lib.
992 2418 1027 2493 8.
1046 2407 1252 2493 Moralium,
1274 2426 1356 2497 cau.

308 2524 365 2595 13.
385 2563 440 2598 „„
458 2506 606 2584 Somnia
622 2508 640 2596 (
653 2501 791 2601 iuquit)
814 2505 874 2582 nili
896 2506 1107 2603 plerumque
1131 2510 1176 2583 ab
1207 2506 1356 2583 occulto

305 2607 407 2684 hoste
424 2630 486 2699 per
510 2605 707 2683 illusionem
724 2606 869 2693 fierent,
884 2630 1110 2705 nequaquam
1124 2606 1198 2685 hoc
1222 2610 1273 2681 sir
1295 2606 1356 2681 Sa.

308 2712 407 2804 piens
430 2708 599 2784 indicaret
620 2763 631 2794 ,
653 2711 796 2784 dicens:
829 2709 954 2777 Multos
979 2732 1092 2778 errare
1106 2705 1351 2799 ficeruntlom.
1392 2707 1473 2805 beel.
1495 2722 1546 2790 μ·

308 2812 384 2886 iiiii,
397 2810 438 2878 (1
450 2805 608 2896 illufiones
635 2831 726 2878 vene
741 2834 749 2885 :
765 2803 833 2881 Vel
847 2825 962 2884 certe:
983 2812 1067 2878 Non
1083 2805 1323 2904 augurabimini
1340 2855 1352 2891 ,
1390 2784 1486 2853 Im·
1506 2809 1556 2869 ¹9⁹

307 2931 364 2977 nec
384 2903 737 2993 observabitissamiia.
765 2903 908 2998 Quibus
923 2908 1085 3005 profesto
1102 2912 1214 2985 verbis
1228 2962 1237 2990 .
1251 2910 1353 2998 cujus

307 3007 376 3084 bnt
391 3008 648 3094 detestationis,
663 3010 890 3090 ostenditur,
921 3032 1000 3100 quae
1030 3014 1183 3103 auguriis
1203 3009 1355 3100 conjun-

307 3122 455 3204 guntur·
477 3110 522 3176 Et
536 3104 623 3185 infra
635 3131 645 3178 τ
657 3110 725 3184 Sed
741 3112 907 3182 nimirum
924 3133 1007 3183 cum
1024 3109 1155 3183 somnia
1168 3126 1225 3184 tot
1238 3129 1356 3185 rerum

308 3208 532 3303 qualitatibus
554 3211 747 3292 alternent,
766 3223 868 3283 tanto
887 3212 939 3281 'eis
965 3209 1061 3283 credi
1089 3206 1264 3285 difficilius
1292 3209 1354 3283 de.

308 3309 387 3392 bet,
405 3324 562 3405 quanto,
578 3310 614 3384 aa
627 3333 672 3384 ex
687 3332 761 3402 quo
777 3307 926 3402 impullu
946 3292 1110 3384 veniant*¹
1134 3311 1266 3385 facilius
1279 3331 1354 3382 nou

309 3407 435 3483 elucet.
468 3408 568 3500 Saepe
600 3433 755 3509 namque
787 3407 963 3502 malignus
989 3408 1138 3500 Spiritus
1162 3409 1238 3485 his,
1265 3430 1357 3502 quos

309 3531 431 3583 amore
455 3511 534 3583 iitae
553 3509 726 3603 praelentis
756 3508 937 3603 vigilantes
961 3511 1165 3604 intercipit,
1193 3508 1358 3604 proluere

310 3613 416 3682 etiam
435 3609 695 3686 dormientibus
720 3609 898 3703 promittit
915 3631 925 3699 ;
940 3608 976 3683 di
989 3609 1280 3703 quoslormidare
1295 3608 1359 3682 ad·

311 3705 424 3780 versas
444 3708 658 3793 conliderat,
691 3713 737 3784 eis
763 3709 838 3783 haec
857 3707 978 3785 durius
998 3708 1123 3784 somnii
1144 3710 1357 3806 imaginibus

311 3807 489 3882 inveniat,
508 3828 682 3902 quatenus
707 3808 927 3885 indiscretam
955 3823 1112 3885 mentem
1129 3810 1358 3896 diversaque·

310 3906 411 3981 litate·
427 3902 577 3991 afficiat,
597 3933 747 4006 eamque
770 3923 831 3986 aut
856 3908 914 4005 spe
935 3908 1137 3994 sublevans,
1160 3925 1221 3985 aot
1240 3905 1358 4000 depri-

309 4028 410 4081 mens
429 4008 558 4083 timore
570 4052 576 4082 i
590 4008 799 4090 confundat.
829 4008 930 4102 Saepe
949 4026 1067 4086 autem
1083 4012 1190 4085 etiam
1211 4005 1358 4081 Sando-

309 4129 390 4182 rum
415 4108 525 4182 corda
555 4104 693 4184 afficere
720 4108 863 4183 somniis
885 4112 1080 4192 nititur,ut
1091 4109 1135 4183 ab
1154 4107 1355 4180 intentione

309 4209 538 4299 cogitationis
559 4207 675 4283 solidae
697 4207 742 4282 ad
774 4223 915 4301 tenipus
937 4206 1076 4288 saitem,
1109 4218 1354 4291 momentum·

309 4327 380 4401 que
403 4305 627 4393 deriventur,
643 4309 804 4404 quamvis
818 4304 879 4400 ipsi
890 4309 1054 4397 protinus
1070 4305 1228 4379 animuin
1248 4303 1291 4376 ab
1312 4303 1354 4378 ii·

310 4403 455 4480 lulionis
470 4410 724 4504 imaginatione
735 4406 929 4485 discutiant.
958 4403 1028 4479 Sed
1049 4402 1156 4478 hostis
1172 4402 1363 4484 insidiante
1451 4458 1467 4473 ..

310 4525 388 4601 quo
409 4526 471 4580 eos
494 4508 678 4602 vigilantes
704 4508 851 4585 minime
869 4501 1036 4600 superati
1060 4525 1105 4583 eo
1133 4502 1354 4583 dormienter

359 4601 454 4676 Tim.
478 4605 513 4687 V
520 4610 572 4681 11
583 4610 613 4679 1.
864 4599 881 4681 i
905 4607 919 4682 i
1227 4623 1308 4699 graf
1342 4694 1349 4704 ἱ
