3792 5375
495 535 717 672 Deiectio
746 539 952 659 Deealogi
975 551 1199 666 pr'aeceptol
1293 547 1382 661 '749'

368 722 453 805 Cibi
475 721 609 820 aliqliid
625 721 713 801 sumi
736 722 773 799 in
798 719 942 798 coenula
957 774 968 808 ,
983 718 1063 800 usus
1079 720 1237 800 obtinuit
1253 719 1297 798 ab
1308 718 1378 798 Ec-

320 826 422 904 clesia
446 841 523 902 non
546 824 785 922 improbatur.
810 820 1005 915 Quantitas
1027 838 1122 900 certa
1139 820 1298 901 mensura
1314 822 1379 898 de·

322 926 416 1005 finiri
444 931 505 1002 uix
526 925 661 1021 potest;
673 921 730 1000 sed
750 921 998 999 consuetudini
1007 922 1100 999 iuter
1116 928 1209 1001 viror
1221 927 1320 1019 pios,
1336 921 1382 999 du

322 1024 560 1104 ecclesiasticae
588 1024 712 1121 ieiunii
748 1022 938 1116 disciplina
967 1020 1287 1101 obseruantillinror
1318 1043 1379 1098 re-

323 1141 438 1223 ceptae
455 1125 617 1203 standum
629 1148 641 1208 3
653 1125 690 1200 &
702 1123 878 1222 quantitas
892 1125 940 1198 ita
959 1121 1102 1200 modica
1120 1121 1287 1201 sumenda
1303 1122 1375 1211 elle

324 1242 368 1306 ut
390 1226 533 1312 coenula
552 1248 630 1301 non
654 1239 810 1301 vertatur
828 1224 865 1298 in
888 1243 1057 1309 coenam.
1081 1225 1158 1301 imo
1178 1246 1245 1300 neo
1265 1226 1377 1320 aqui·

307 1325 440 1418 ,valeat
461 1329 512 1411 ei,
529 1323 631 1423 quod
656 1347 724 1421 pro
749 1319 930 1416 jentaculo
952 1321 1172 1419 soletaccipi.
1187 1324 1309 1401 diebos
1325 1324 1381 1418 je-

324 1428 426 1519 junio
451 1447 526 1500 non
552 1424 687 1502 dicatis.
712 1427 751 1500 Sa
772 1423 907 1491 Carolus
920 1425 1119 1494 Boreomaeus
1137 1431 1175 1500 in
1199 1423 1380 1520 disciplina

322 1523 476 1606 Familiae
496 1523 563 1603 suae
580 1521 957 1621 archiepiscopalem.
974 1542 1008 1596 rr
1021 1527 1077 1600 tite
1098 1528 1154 1598 De
1166 1522 1380 1618 gubernatio.

324 1647 365 1697 ne
385 1623 581 1721 spirituali,
598 1627 633 1701 in
645 1624 791 1704 coenula
807 1629 907 1693 Panis
927 1627 1056 1695 unciam
1067 1648 1149 1696 aum
1163 1626 1302 1696 dimidie
1314 1663 1325 1710 ,-
1336 1627 1382 1695 (θ’
1494 1635 1503 1650 ’

324 1728 403 1797 vini·
419 1726 568 1819 poculum
597 1745 725 1795 terrum
750 1773 762 1810 ,
783 1723 952 1802 concedit
975 1725 1037 1809 iic.
1060 1727 1123 1823 qui
1146 1726 1381 1821 indiguerint,

325 1823 368 1905 ld
399 1840 518 1903 tamen
541 1822 775 1923 serupulufius
801 1846 928 1924 urgere
958 1824 1073 1901 nolim
1098 1868 1108 1903 a
1132 1826 1170 1902 sc
1201 1822 1380 1902 Fidelibua

325 1926 470 2022 lingulis
489 1926 582 2002 hanc
610 1929 727 2023 legem
749 1927 938 2024 imponere
956 1972 968 2011 ,
999 1943 1040 2002 ut
1061 1947 1189 2022 panern
1210 1947 1319 2023 ‚quae
1340 1929 1380 2002 in

326 2026 471 2104 coenula
494 2027 667 2125 sumpturi
691 2023 793 2112 sunt,
811 2023 1023 2121 ponderent.
1057 2024 1153 2103 Nam
1175 2025 1243 2103 hac
1270 2027 1379 2102 etiaua

324 2129 361 2202 ln
382 2124 495 2223 specie
512 2124 636 2203 locum
647 2124 776 2202 habere
796 2140 887 2225 puto
905 2122 1081 2221 Regulam
1097 2126 1191 2202 illam
1203 2151 1225 2203 a
1237 2132 1271 2194 S·-
1283 2123 1378 2198 Tio.

324 2250 379 2299 nra
411 2225 575 2302 traditam
590 2245 625 2301 a.
646 2243 680 2301 a.
695 2248 759 2325 qu.
784 2245 869 2319 i47.
897 2226 942 2301 ad
970 2232 1147 2320 primum:
1164 2263 1186 2319 ‚5
1204 2282 1226 2319 ‚,
1247 2224 1377 2319 Quan-

324 2329 405 2404 titas
416 2327 485 2402 cibi
498 2348 573 2401 nou
586 2326 705 2420 poterit
717 2322 841 2401 eadem
871 2328 1040 2402 omnibus
1062 2329 1198 2413 taxari,·
1226 2337 1379 2421 propter
1478 2377 1481 2384 -

325 2424 475 2503 diversas
486 2447 684 2522 corporum
696 2424 1030 2519 complexionemex
1041 2429 1170 2521 quibus
1178 2427 1375 2524 contingit,

322 2527 425 2625 quod
444 2548 536 2603 unus
558 2526 685 2620 majori
698 2577 709 2610 ‚
723 2524 811 2601 alter
834 2528 967 2601 minori
987 2529 1070 2602 cibo
1092 2526 1231 2624 indiget
1255 2578 1327 2619 ,,,,.

377 2624 495 2720 Quod
513 2625 643 2722 spellat
662 2624 869 2723 qualitatem
883 2628 1070 2711 ciborum,
1083 2628 1307 2705 consuetudo
1320 2628 1376 2702 iria

326 2738 380 2802 ter
400 2732 480 2824 pios
500 2726 705 2810 observata,
727 2745 795 2821 pro
816 2723 936 2821 regula
960 2726 1049 2802 lumi
1066 2726 1170 2801 etiam
1184 2726 1321 2822 potest,
1336 2728 1374 2802 ἃ

324 2848 409 2903 cum
432 2826 580 2902 modico
603 2826 701 2919 panii
729 2821 862 2899 srullus
888 2822 995 2918 aliqui
1013 2821 1130 2901 sumi,
1153 2826 1207 2901 vel
1228 2825 1372 2912 lierbae,

321 2925 451 3022 aliique
469 2927 539 3002 cibi
563 2925 711 3001 leviores
725 2942 736 3005 ;
750 2945 824 2998 non
838 2920 993 3020 pisciculi
1008 2976 1018 3008 .
1031 2927 1135 3000 etiarn
1151 2928 1274 3021 pauci,
1294 2947 1373 3000 non

321 3026 525 3120 legumina,
543 3049 619 3102 non
647 3026 840 3122 butyrum,
865 3045 941 3098 non
966 3022 1044 3103 lac,
1073 3047 1150 3101 non
1172 3025 1302 3118 juscula
1322 3025 1370 3100 eri

315 3126 597 3228 amygdalorum
609 3146 793 3204 cremore,
807 3139 868 3201 aua
880 3123 1121 3221 leguminibus
1133 3176 1145 3212 ,
1159 3129 1195 3201 dr
1215 3123 1345 3202 similia.

590 3302 920 3389 anuuit
971 3303 1111 3389 Xlll.

325 3459 542 3544 Resedionis
568 3473 737 3566 t'emp'uai
761 3467 955 3546 secundum
977 3467 1188 3549 hodiernam
1213 3466 1374 3548 Rectene

374 3566 619 3662 disciplinam,
647 3569 697 3645 est
719 3571 890 3644 meridies.
930 3569 1056 3665 Quam
1084 3570 1213 3645 borani·
1241 3569 1263 3644 li
1290 3576 1370 3668 quic

372 3665 529 3743 multum
548 3670 810 3762 anticipaverit,
825 3667 897 3744 sine
921 3671 1022 3749 causa
1043 3672 1219 3767 legitima,
1246 3671 1369 3766 jejunii
1438 3756 1443 3767 ,

374 3765 527 3843 violator
549 3768 742 3846 censendu'a
759 3769 832 3848 eil·
843 3767 1049 3872 lethalisque
1062 3775 1198 3867 peccati
1214 3794 1306 3850 rens.

326 3925 594 4092 Multorum
616 3924 814 4005 semiorum
843 3925 954 4028 spatio
973 3928 1297 4026 Quadragesrmalia
1323 3932 1371 4025 je·
1388 3942 1568 4012 Refeuionn

450 4027 544 4120 junia
557 4024 601 4100 ad
621 4024 798 4126 vesperam
813 4030 920 4128 usque
931 4030 1239 4125 protrahebantur.
1267 4028 1371 4109 urina
1388 4025 1459 4084 *¹⁰¹³
1474 4023 1568 4098 ¹⁶8⁵&-

324 4126 564 4203 celebrabatur
585 4123 672 4203 hora
695 4127 881 4213 nona,leu
898 4132 999 4205 tertia
1012 4130 1372 4227 pomeridianaplllis·

326 4225 396 4300 sam
413 4225 648 4323 vespertinum
669 4225 879 4325 sequebatur
897 4224 1081 4317 officium,
1096 4231 1215 4326 possea
1228 4230 1372 4309 rei'ellio

324 4324 547 4409 sumebatur,
562 4329 664 4419 cuius
688 4327 880 4423 anticipare
902 4319 1063 4424 tempus,
1080 4330 1260 4429 piaculum
1285 4350 1371 4410 erat·

324 4421 433 4501 Unde
455 4426 680 4529 sinodalibus
722 4428 976 4505 Aurelianensis
993 4426 1188 4526 Episcopus
1209 4435 1244 4507 in
1266 4429 1372 4526 Capi·
1475 4508 1479 4515 .

324 4525 678 4625 calaritanae„
704 4524 831 4607 Solent
852 4527 970 4629 plutas
992 4532 1162 4630 (inquit)
1187 4535 1249 4630 qui
1270 4534 1302 4646 se
1324 4536 1375 4639 5⁸?

1387 4099 1554 4189 audiun

1386 4194 1499 4253 ieiumi.
