3792 5375
1102 457 1275 634 '49⁶
1504 513 1823 612 Theol.
1874 515 2108 634 nog.
2139 518 2223 608 ει
2267 511 2574 612 moral„
2607 514 2798 614 Lib.
2829 517 2980 646 iv.

1054 709 1063 734 ¹
1117 692 1402 792 gravius
1443 692 1826 786 impugnat
1853 745 1875 776 ‚
1919 710 2136 786 quem
2178 702 2415 778 tamen
2455 684 2609 766 haec
2670 688 2979 786 maligne
3028 714 3239 789 agero

1120 795 1420 889 superna
1475 790 1891 887 dispensatio
1940 791 2249 884 benigne
2293 790 2678 889 permittit,
2741 812 2831 865 ne
2866 793 2937 868 in
2977 790 3235 870 eletlo·

1125 913 1287 970 rum
1350 890 1692 967 cordibus
1756 889 1899 989 ipse
1951 889 2190 966 saltem
2233 913 2271 964 a
2330 887 2658 986 pastionis
2718 893 3010 986 praemio
3050 893 3238 988 som.

1130 1013 1266 1070 nus
1321 1006 1523 1068 vacet
1572 1046 1617 1082 ‚‚
1648 1036 1721 1080 „.

1130 1148 1143 1158 .
1231 1085 1772 1168 Divinationem
1816 1110 1910 1164 ex
1939 1088 2224 1164 somniis
2269 1108 2522 1164 vanam
2568 1084 2855 1175 effe.ac
2885 1095 3244 1189 pernicio.

1132 1188 1277 1272 snm
1310 1239 1325 1260 ι
1356 1188 1666 1267 ostendit
1704 1189 1777 1265 δε
1799 1187 2107 1276 ,Joannes
2128 1184 2611 1274 sarisberiensis
2640 1189 2820 1264 libro
2846 1208 2910 1264 2.
2944 1196 3054 1262 De
3078 1196 3244 1264 Nu..

1130 1288 1632 1386 gis-Curiatium
1658 1331 1679 1365 2
1714 1311 1869 1383 cap.
1910 1310 2019 1379 ¹7·
2046 1343 2090 1380 ‚‚
2116 1344 2159 1379 „
2197 1285 2536 1383 Qiisquis
2561 1289 2835 1381 (inquit
2859 1286 2897 1375 >
2921 1289 3240 1370 somnio-

1138 1413 1299 1468 rum
1336 1390 1638 1487 sequitur
1674 1390 2051 1464 vanitatem
2081 1442 2103 1473 ,
2145 1411 2391 1483 parum
2450 1391 2524 1462 in
2559 1389 2717 1484 lege
2760 1387 2894 1465 Dei
2946 1395 3240 1488 vigilans

1139 1491 1285 1575 est,
1332 1490 1401 1564 δι
1456 1488 1633 1564 dum
1680 1484 1841 1562 fidei
1889 1488 2056 1563 facit
2101 1488 2540 1583 dispendium
2580 1542 2599 1572 ,
2666 1490 3238 1585 perniciofiffime

1136 1589 1507 1664 dormit...
1560 1585 1899 1685 Quisquis
1941 1585 2432 1664 credulitatem
2467 1583 2660 1664 suam
2711 1587 3238 1683 fignificationh

1132 1691 1267 1765 bus
1295 1682 1531 1789 alligat
1570 1685 2056 1773 somniorum,
2104 1688 2392 1783 planum
2454 1686 2595 1764 est,
2634 1692 2794 1784 quia
2837 1710 2979 1765 tam
3024 1717 3064 1768 a
3100 1693 3237 1769 fin-

1132 1789 1423 1866 ceritate
1446 1784 1608 1863 fidei
1631 1841 1648 1871 .
1674 1809 1886 1883 quam
1922 1810 1961 1862 a
2000 1792 2281 1863 tramite
2319 1789 2607 1863 rationis
2646 1792 3001 1867 exorbitat
3042 1847 3086 1883 ‚‚
3118 1845 3186 1885 „.

1234 1885 1323 1966 Et
1356 1893 1587 1962 Petrus
1611 1884 1959 1972 Blesenn,
1998 1881 2303 1982 Epistola
2330 1882 2448 1969 65.
2491 1941 2536 1977 ‚,
2566 1943 2608 1977 a
2666 1885 2763 1963 Ut
2813 1887 3028 1966 fidem
3070 1895 3235 1979 (in-

1126 1985 1331 2076 quit)
1372 1984 1665 2063 habeam
1710 1985 1996 2062 somniis
2031 2041 2051 2070 ,
2125 1985 2313 2063 nulla
2385 1985 2652 2062 somnia
2701 2012 2816 2063 me
2863 1991 3237 2070 inducent.

1126 2083 1309 2164 Non
1351 2084 1632 2163 inficior
1666 2130 1683 2159 ,
1707 2089 1886 2183 quin
1934 2087 2162 2161 anima
2184 2086 2588 2181 frequenter
2638 2109 2729 2162 ex
2764 2088 3068 2185 reliquiis
3098 2116 3229 2167 co-

1189 2187 1543 2270 brionis.
1624 2202 1744 2262 aut
1782 2207 1874 2261 ex
1933 2188 2166 2260 innata
2207 2184 2326 2261 fibi
2375 2185 2790 2281 perspicacia
2834 2244 2853 2274 ,
2895 2192 3231 2284 quasdam

1126 2210 1539 2362 ffiturorum
1568 2282 1973 2380 praefiguret
2018 2289 2360 2382 imagines
2392 2332 2413 2365 ,
2449 2283 2563 2360 sed
2590 2290 2843 2364 crebro
2869 2292 3223 2385 dicipitur.

1127 2377 1322 2462 Nam
1372 2381 1550 2461 ficut
1592 2407 1718 2472 per
1766 2387 2273 2479 experientiam
2329 2382 2589 2466 didici,
2650 2407 2742 2462 ex
2776 2412 2853 2465 ea
2912 2387 3227 2477 vifione,

1126 2507 1292 2583 quae
1336 2483 1510 2560 mihi
1556 2484 1894 2579 gaudium
1939 2484 2373 2581 quaudoque
2420 2486 2859 2565 nuntiaverat
2912 2535 2932 2565 ‚
2982 2490 3225 2586 postea

1128 2588 1572 2661 contrarium
1617 2586 1997 2683 reportavi.
2049 2582 2344 2662 Somnia
2386 2585 2600 2679 igitur
2650 2610 2741 2663 ne
2782 2593 3229 2672 cures-‚ami-

1126 2707 1214 2762 ce
1254 2680 1644 2761 chatiffime
1689 2741 1734 2778 „
1766 2729 1839 2777 „.
2794 2730 2805 2747 ·

1064 2846 1071 2859 .
1229 2780 1569 2881 Denique
1613 2782 2057 2878 coniectores
2089 2838 2110 2870 ,
2142 2782 2215 2859 δι
2262 2784 2676 2882 interpretes
2731 2785 3219 2875 somniorum,

1124 2885 1203 2973 δι
1247 2887 1367 2980 qui
1418 2883 1533 2961 illa
1590 2883 2011 2969 observant,
2045 2882 2159 2960 seu
2207 2880 2420 2961 fidem
2464 2887 2591 2962 iuis
2636 2885 3014 2973 adhibent,
3060 2912 3224 2986 gra·

1124 2986 1302 3061 viter
1357 2982 1887 3079 reprehendunt
1960 2985 2163 3077 Greg·
2215 2986 2316 3066 ll.
2387 2983 2711 3062 Pontifex
2754 2991 3106 3064 maximus
3143 2995 3218 3067 in

1114 3083 1528 3179 capitulari,
1565 3107 1723 3181 cap.
1776 3095 1845 3169 8·
1883 3081 2294 3161 Concilium
2350 3082 2710 3162 Pariliense
2749 3087 3046 3164 Sextum
3099 3089 3222 3165 lib.

1119 3202 1189 3275 3.
1212 3207 1367 3280 cap.
1406 3203 1475 3262 2·
1500 3184 1571 3261 dt
1594 3182 2004 3263 Concilium
2029 3181 2560 3262 mediolanense
2595 3206 2848 3283 upart.
2878 3210 2938 3264 ι.
2970 3192 3074 3266 tit.
3108 3206 3221 3262 ro.
