3792 5375
1078 499 1252 626 1432
1282 581 1288 586 .
1428 501 1749 605 Theoi.
1794 503 2032 621 θος,
2061 504 2159 639 ,ει
2186 498 2490 598 Moram
2521 496 2710 600 Lib.
2735 498 2892 596 lv.

1087 679 1225 757 lius
1250 731 1274 765 ,
1308 675 1382 753 δι
1414 674 1711 757 Ordinis
1752 673 2074 774 tegulam
2097 726 2118 757 ‚
2151 698 2286 753 nec
2340 698 2492 752 non
2545 665 3048 754 monasterium
3079 672 3237 756 fue-⁶

1094 786 1189 856 tit
1245 775 1897 865 idoneum,.libere
1941 781 2003 853 ei
2058 775 2377 874 profiteri
2413 775 2620 852 liceat
2666 831 2708 864 „
2742 822 2813 858 „.

1194 873 1556 970 'Quamvis
1631 873 1859 972 potro
1915 875 2329 955 canonibus
2444 871 2804 951 uibusdam
2883 864 3231 953 sancitum

1106 975 1236 1061 fit.
1288 995 1367 1052 ut
1409 978 1607 1072 pueri
1644 1001 1683 1053 a
1726 980 2129 1072 parentibus
2173 997 2387 1049 mona
2452 976 2598 1049 erio
2644 973 2914 1058 oblati,
2966 976 3037 1049 ἃ
3078 974 3241 1051 reli.

1170 1074 1320 1154 ioso
1368 1074 1614 1152 babitu
1669 1077 1942 1161 induti,
1982 1080 2056 1151 in
2104 1098 2195 1151 eo
2244 1073 2731 1169 perseverent,
2783 1070 2948 1168 ipfis
2990 1097 3081 1148 ue
3123 1097 3238 1150 re-

1173 1174 1308 1252 ’ωε
1354 1175 1444 1251 ad
1481 1173 1791 1251 seculum
1842 1175 2333 1253 interdicatur,
2372 1189 2453 1249 ut
2500 1173 2773 1249 constat
2800 1194 2893 1247 ex
2991 1192 3231 1250 anone

1117 1281 1243 1368 48.
1273 1271 1580 1352 Concilii
1619 1271 1953 1350 Toletani
1997 1296 2067 1365 4„
2095 1296 2190 1349 ex
2241 1270 2540 1349 Canone
2590 1286 2704 1367 ςς.
2744 1269 3050 1364 ejusdem
3080 1320 3098 1346 .
3154 1268 3234 1350 ἀ

1121 1397 1215 1450 ex
1250 1374 1584 1451 Concilio
1641 1371 2003 1449 Toletano
2040 1379 2152 1443 10.
2186 1369 2487 1450 Canone
2536 1366 2608 1440 6.
2648 1370 3230 1467 subintelligend-

1118 1491 1361 1551 tamen
1408 1474 1504 1548 est
1555 1475 1625 1547 in
1685 1469 1811 1547 illis
1876 1472 2290 1550 Canonibus
2354 1471 2682 1548 conditio
2717 1524 2741 1557 ,
2798 1470 2845 1545 fi
2889 1473 3230 1549 nimitum

944 1637 949 1641 ,
1089 1576 1324 1672 ·pueri
1360 1571 1456 1647 illi
1489 1571 1724 1648 adulta
1775 1586 1979 1648 aetate
2028 1589 2333 1666 paternae
2385 1569 2758 1646 devotioni
2807 1570 3225 1650 consensum
3303 1611 3308 1619 ·

1126 1674 1588 1767 ptaebuerint‚
1635 1671 1709 1746 δι
1768 1669 2271 1769 professionem
2309 1674 2468 1747 vitae
2509 1669 2844 1766 religiosae
2885 1669 3101 1746 libere
3128 1670 3233 1747 fn-

1126 1774 1376 1847 cerint.
1448 1767 1695 1866 Quem
1745 1769 2164 1848 consensum
2215 1772 2286 1848 δι
2336 1774 2407 1847 in
2465 1773 2544 1847 iis
2577 1819 2593 1840 .
2648 1793 2834 1867 quos
2893 1768 3227 1848 volunta·

1124 1890 1503 1970 parentum
1538 1896 1576 1945 a
1632 1872 1876 1965 primia
1917 1871 2225 1949 infantiae
2279 1874 2479 1947 annis
2510 1867 2726 1948 Clero
2776 1873 3229 1965 mancipave-

1124 1984 1275 2056 nt,
1319 1993 1412 2047 ex
1449 1967 1772 2048 Eccleliae
1800 1970 2157 2070 disciplina
2185 1970 2598 2067 expeditum
2641 1966 2838 2045 fuisse
2871 2023 2893 2056 ,
2950 1971 3230 2048 constat

1124 2067 1579 2147 ex·Concilii
1624 2065 1964 2150 Toletani
1999 2069 2284 2149 secundi
2313 2124 2334 2155 ,
2364 2067 2662 2148 Canone
2701 2072 2962 2167 primo.
3023 2066 3231 2146 Eam-

740 2232 993 2316 Epffiffla
1018 2257 1052 2303 t
1055 2242 1093 2304 d
1121 2169 1434 2266 demque
1479 2167 1911 2286 disciplinam
1950 2169 2190 2270 quoad
2246 2168 2583 2285 laetarum
2637 2172 2996 2265 virginum
3052 2192 3227 2287 prq-

713 2305 1067 2455 {ggfflgggb
1116 2265 3226 2468 asiam.¹135:ch{ffsstzz‘nsimitamini:

705 2464 829 2527 sem
853 2465 1089 2548 Episco-
1112 2470 1428 2568 ginitatis
1471 2467 1715 2544 habitu
1774 2470 2054 2562 nuptias
2080 2469 2467 2565 elegerint,
2506 2472 2600 2546 ita
2635 2469 2929 2546 demum
2980 2468 3221 2546 violati

704 2557 873 2618 ¹³⁰⁸·
1113 2571 1269 2646 voti
1316 2590 1463 2644 reas
1506 2570 1923 2663 pronuntiat
1958 2623 1981 2653 ,
2053 2565 2103 2645 fi
2143 2570 2309 2640 Non
2354 2564 2579 2639 coaffae
2606 2587 2956 2660 parentum
3021 2572 3224 2662 impe.

1110 2671 1216 2742 n’o
1253 2719 1272 2751 ,
1286 2665 1398 2756 fid
1411 2663 1763 2763 spontaneo
1770 2666 2034 2760 judicio
2056 2669 2479 2765 virginitatis
2515 2663 2909 2762 propositum
2936 2719 2960 2754 ‚
3007 2685 3224 2767 atque

1109 2769 1435 2848 habitum
1481 2767 1953 2867 susceperunt.
2021 2766 2101 2847 Id
2159 2793 2247 2846 ue
2291 2766 2675 2847 confirmat
2705 2768 3043 2870 Synodus
3097 2769 3219 2847 ha·

1110 2872 1259 2950 bita
1317 2871 1408 2945 ab
1445 2870 1736 2964 Eugem'o
1778 2870 1878 2951 ΙΙ.
1906 2865 2113 2946 Ponti
2172 2892 2252 2945 ce
2275 2874 2639 2954 maximo,
2664 2865 2965 2946 Canone
2995 2888 3114 2945 22·
3141 2870 3214 2946 St

1117 2970 1343 3047 relato
1366 2971 1670 3053 Canone
1683 2970 1869 3039 Sicut
1886 3016 1911 3054 ,
1932 2969 2128 3046 causa
2160 2987 2277 3044 20.
2308 2993 2431 3069 qu.
2452 2984 2520 3045 2.
2547 3025 2590 3060 ‚‚
2610 3025 2653 3060 ‚,
2676 2968 2875 3048 Sicut
2898 2970 2925 3057 (
2947 2967 3222 3065 inquit)

1116 3071 1246 3167 qui
1294 3068 1711 3163 monasteria
1743 3067 2160 3165 elegerunt,
2216 3092 2255 3145 a
2307 3069 2739 3145 monasteriis
2779 3067 3019 3167 egi-’edi
3069 3092 3221 3147 non

1110 3171 1819 3267 permitttmtutz·ita
1862 3168 1980 3253 hi,
2021 3173 2146 3268 qui
2209 3171 2409 3246 inviti
2464 3167 2606 3245 fine
2647 3169 2839 3263 justae
2882 3168 3219 3245 offenfio.

1016 3344 1023 3353 ,
1070 3271 1221 3355 ,πίε
1260 3270 1458 3385 causa
1503 3267 1662 3347 sunt
1703 3268 2074 3346 intromilli
2104 3324 2123 3356 ,
2176 3267 2299 3345 nili
2350 3268 2706 3354 volentes,
2739 3290 2885 3343 non
2930 3284 3218 3344 tenean-
