3792 5375
479 543 552 639 De
579 546 705 636 tertio
733 537 941 662 Deealugi
959 547 1184 665 precepto:
1283 517 1374 654 695
1454 517 1466 538 ²

305 729 410 818 cepta
438 715 522 803 est,
555 715 617 793 oid
646 732 689 796 ot
711 716 745 795 ie
776 741 881 798 veros
905 718 1112 799 adoratores
1141 716 1380 802 exhibeantl·

301 816 395 898 Eum
417 837 560 905 auum,
587 820 651 916 qui
671 816 796 916 Deum
813 821 960 907 adorat,
979 823 1015 892 io
1031 819 1181 914 spiritu,
1202 820 1246 892 (μ’
1269 825 1366 890 ueri..
1450 871 1467 908 0

301 940 375 991 tate
390 920 528 989 adnare
552 935 693 1014 oportet.
718 918 835 1013 Quod
861 937 958 998 certe
974 942 1051 997 non
1070 919 1178 1001 facit,
1201 922 1264 1017 qui
1287 916 1370 997 abl·

244 1041 255 1063 '
301 1016 995 1218 2ΙίΙίἳὶῗέἔέῗὲῗῗῗέᾰψῗιέώῗὲ
1017 1017 1376 1219 tl‘tilni‘t‘ff

304 1221 357 1297 eti
376 1233 514 1316 partem
536 1218 744 1296 secularibus
757 1222 1058 1318 cogitationibus,
1078 1221 1134 1298 vel
1150 1223 1255 1297 etiam
1279 1242 1363 1315 pra·
1403 1241 1407 1247 ·

303 1323 377 1407 vis,
393 1335 455 1397 aut
464 1317 811 1397 confabulationibus
825 1319 948 1395 volens
959 1318 1173 1399 distrahitur·
1197 1322 1251 1401 Ut
1261 1323 1361 1397 enim

303 1424 353 1497 ait
372 1423 405 1489 S.
419 1417 574 1505 Celerius
588 1418 788 1506 Arelatenfis
810 1419 923 1496 Serus·
936 1427 996 1503 82·
1021 1425 1140 1524 quiin
1159 1421 1360 1521 appendice

304 1527 339 1590 s.
352 1515 532 1622 Augustini⁴
560 1517 822 1597 ducentellmus
859 1519 1099 1619 odogelimus
1128 1528 1251 1601 tertius
1285 1519 1357 1597 ella

304 1673 365 1713 „,‚
392 1618 525 1697 Omnis
544 1615 682 1705 homo,
696 1621 977 1717 quodtenspore
997 1624 1168 1700 orationis
1190 1623 1360 1699 attentius

304 1722 471 1817 cogitat.
493 1718 567 1795 hoc
587 1716 655 1795 fibi
669 1742 743 1819 pro
762 1717 846 1797 Deo
872 1721 1081 1808 constituit,
1110 1723 1146 1796 dt
1170 1721 1244 1798 boc
1261 1717 1360 1820 quali

304 1816 432 1898 Deum
454 1817 605 1906 habete.
629 1820 667 1894 u
686 1818 784 1918 quast
806 1816 1009 1896 Dominum
1032 1820 1208 1899 uidebitur
1230 1820 1359 1898 adora·

306 1942 357 1998 re.
379 1907 497 2010 ·Quu‘
517 1941 573 1995 rea
589 1921 741 1997 nimium
771 1918 859 1996 milti
886 1919 1074 2019 aliquoties
1099 1921 1364 2000 intolerabilem

305 2016 474 2095 dolorem
494 2019 649 2095 incutit·
670 2021 707 2095 dt
727 2034 946 2106 tremorem,
967 2042 1052 2096 cunt
1080 2023 1117 2095 in
1135 2020 1204 2118 ipla
1224 2024 1359 2098 oratio·

305 2121 362 2195 nis
381 2119 580 2194 intentione
602 2138 704 2194 mens
727 2119 772 2196 ad
795 2119 944 2196 diversas
969 2124 1224 2214 occupationes
1254 2119 1361 2198 lecull

307 2221 466 2317 rapitur.
487 2219 523 2292 dt
543 2239 628 2296 cum
647 2215 786 2296 videtur
804 2219 896 2297 aliud
918 2242 1049 2316 agere,
1065 2220 1175 2319 longe
1198 2223 1278 2298 alibi
1294 2242 1363 2297 co·

306 2319 495 2418 goolcitur
520 2322 744 2416 cogitatione
775 2318 979 2414 discedere3
1008 2319 1104 2418 quali
1131 2322 1173 2397 lit
1199 2319 1360 2420 aliquid.

307 2420 412 2517 quod
428 2418 511 2516 'plus
522 2420 684 2517 cogitate
696 2418 908 2497 debeamus.
934 2418 1096 2517 Quando
1107 2445 1191 2500 cum
1208 2417 1291 2500 Deo
1304 2409 1363 2498 Ιὸ-

306 2522 476 2618 quintus,
497 2519 547 2595 nil
570 2520 674 2598 nobis
690 2518 785 2597 aliud
806 2520 857 2597 est
880 2522 1142 2618 cogitandum,
1164 2522 1227 2599 nib
1243 2538 1284 2601 ut
1303 2535 1364 2598 to·

242 2693 244 2697 .
309 2635 353 2697 to
375 2620 507 2698 cordes
522 2621 559 2695 de
573 2635 657 2697 toto
674 2623 818 2699 animo,
837 2620 874 2697 dt
893 2635 972 2698 tnta
986 2639 1107 2699 mente
1128 2638 1365 2722 peccatorum

242 2720 255 2735 '
308 2718 596 2819 indulgentiam,
627 2720 665 2795 dt
687 2718 757 2797 Dei
786 2723 936 2816 gratiam
970 2719 1160 2800 debeamus
1186 2738 1365 2816 expetere.

308 2815 427 2907 Verbi
457 2821 592 2918 gratia,
612 2820 820 2918 quicunque
851 2818 945 2896 forte
967 2819 1004 2895 in
1030 2825 1197 2898 oratioue
1221 2820 1370 2915 subripi·

309 2933 396 3004 tut,
418 2933 460 2997 ut
473 2918 593 2996 forum
608 2915 809 3014 cogitet3s1
834 2917 955 2996 lorum
972 2921 1131 3017 cogitat,
1145 2920 1265 2997 lotum
1279 2920 1372 2997 ado·

309 3034 379 3105 sat.
415 3018 702 3115 Subripitotilli‚
729 3032 770 3096 ut
790 3018 966 3106 domum.
984 3042 1092 3118 quam
1118 3019 1284 3107 fabricat.
1305 3030 1371 3097 aut

310 3134 476 3217 separat,
503 3135 585 3196 ante
614 3116 744 3196 oculos
767 3134 976 3216 proponst;
1000 3117 1102 3216 quod
1133 3134 1216 3197 ante
1240 3116 1371 3197 oculos

309 3219 509 3304 habuerit.
537 3217 611 3297 hoc
632 3219 769 3296 adorat·
806 3217 913 3295 Forte
934 3222 1079 3307 vineas.
1103 3235 1165 3298 aut
1191 3218 1368 3308 nonum.

242 3316 249 3331 '
308 3336 375 3400 aut
402 3319 499 3399 aliud
521 3318 654 3413 aliquid
675 3321 838 3414 cogitst3
866 3319 970 3417 quod
992 3335 1075 3398 ante
1095 3319 1223 3398 oculos
1246 3317 1370 3415 cordis

242 3436 253 3545 ἶ
311 3416 1371 3617 litii⁵isfl⁰⁰0lll¹¹ilniin²ltinlt⁰il

242 3604 254 3653 ²
311 3620 517 3699 immundis.
555 3616 960 3714 Confidetate‚quaeso,
983 3621 1022 3695 de
1049 3619 1166 3707 videte
1227 3642 1309 3697 uam
1325 3616 1371 3697 ue

242 3708 266 3753 ²
311 3719 403 3799 duta
438 3720 499 3795 ists
525 3722 734 3816 eaptivitas,
762 3733 804 3796 ut
830 3718 952 3816 lingua
981 3718 1186 3817 quodcum
1314 3719 1372 3797 lo·

242 3814 268 3925 ξ
313 3836 448 3917 quatur
465 3871 477 3903 ,
496 3817 532 3892 dt
548 3834 626 3895 tota
644 3821 752 3896 animi
769 3824 925 3897 intentio
944 3817 989 3894 ad
1015 3836 1169 3908 tertam,
1191 3823 1228 3895 u
1258 3824 1373 3914 patie-

242 3924 269 3968 ⁵
315 3934 391 4002 tea,
414 3916 471 3994 sel
491 3916 622 4010 lapides
641 3920 825 4012 dirigatus.
868 3916 1065 4007 titilius,
1088 3920 1278 4020 qualitite
1298 3917 1373 3995 allo
1452 3914 1456 3927 '

242 4014 272 4073 ¹
316 4033 504 4116 tempore,
530 4015 586 4092 v'el
605 4019 765 4113 cogitate
791 4016 1001 4115 polluctus,
1024 4019 1083 4098 vel
1105 4020 1244 4106 sidere,
1268 4020 1377 4095 nimis

242 4122 269 4171 Ε
317 4120 450 4196 durum
475 4116 554 4205 eil,
582 4131 624 4193 ut
656 4118 762 4193 nobis
786 4121 825 4195 in
847 4121 1011 4196 oratione
1042 4119 1253 4217 ibbtepant2
1270 4133 1379 4214 putat

242 4218 274 4323 ξ
319 4219 376 4298 illu
401 4273 413 4303 ‚
439 4239 520 4314 quae
556 4219 665 4293 uben
694 4216 766 4294 alio
797 4236 963 4311 tempore
998 4217 1118 4296 illicite
1146 4221 1379 4315 cogitantur.

242 4318 274 4381 Ι
318 4334 496 4415 quantum
519 4314 600 4392 mali
622 4318 716 4405 erit,
739 4314 766 4394 li
793 4342 835 4395 ea
862 4321 900 4394 in
922 4320 1087 4395 oratione
1105 4318 1211 4414 politi
1236 4319 1379 4417 cogite·

242 4422 274 4495 Ε
318 4441 399 4498 ntus
411 4472 422 4502 ‚
434 4415 472 4492 id
488 4416 537 4491 eit
548 4463 562 4498 2
574 4414 598 4490 ll
612 4419 870 4515 cupiditatem,
887 4415 1074 4497 bodium,
1093 4416 1118 4495 ii
1135 4419 1377 4501 iracundiam-s

242 4528 273 4583 Ι
316 4535 381 4600 aut
409 4517 585 4596 lusatiam
606 4562 619 4603 ι
641 4514 700 4599 tel
723 4515 920 4609 adultetia.
944 4518 983 4597 de
1006 4533 1133 4602 caten
1155 4517 1210 4600 hit
1234 4516 1381 4634 fissilis.

242 4634 275 4672 Ι
1272 4638 1328 4672 ss.
