3792 5375
607 517 680 612 De
710 514 945 634 Decalogo,
1287 536 1371 628 169

370 687 418 772 Et
439 683 684 789 cassalun
707 687 800 770 hanc
824 690 1015 771 salvatoris
1031 691 1143 771 nostri
1162 687 1371 772 sententiam
1454 727 1462 740 ·

316 813 508 890 exponens
533 790 707 870 Sermone
721 808 783 888 70.
808 791 888 870 alias
902 808 939 886 9.
978 795 1035 865 De
1060 789 1178 866 Verbis
1209 794 1372 877 Domui,

319 912 448 1011 capa,
472 888 653 1010 Claritate
664 891 753 969 levia
775 889 849 1011 lieri
869 890 997 972 Christi
1015 894 1179 972 mandata
1203 891 1370 972 ostendit.

320 986 1375 1211 2‹llllsssllglussttlrfflusl'rslrtz‘lllfffallltlll'll'lsult

322 1216 478 1286 ¹,cerrs,
500 1215 681 1272 acriorum
716 1190 887 1272 dolorum
918 1196 1037 1290 pretio
1065 1196 1296 1273 redimantur·
1332 1188 1377 1269 ln

324 1291 554 1391 „hoguidm
575 1293 613 1369 δι
636 1295 770 1371 incerta
795 1295 989 1373 vacationis
1018 1291 1246 1381 brevillime,
1267 1308 1378 1390 atque

327 1444 353 1485 „
368 1394 494 1471 ultima
526 1396 627 1479 rita,
653 1391 905 1471 immanillrtnis
937 1393 1036 1470 bellis
1061 1393 1162 1472 mles
1187 1393 1380 1486 atteritur;

328 1543 354 1584 „
372 1492 530 1591 pluribus
541 1488 683 1571 forcalle
701 1497 801 1572 annis
815 1500 852 1569 in
865 1493 1045 1574 laboribus
1054 1495 1253 1591 inquietus,
1269 1511 1381 1591 quam

330 1598 404 1682 „in
428 1594 505 1670 otio
524 1594 719 1691 quieturus.
745 1591 889 1689 Quibus
917 1596 1209 1691 tempestatibus,
1233 1593 1282 1696 ἃ,
1297 1612 1383 1687 pro·

333 1745 359 1786 „
372 1692 496 1772 cellis·
516 1717 625 1792 quam
650 1692 832 1780 horribili,
851 1695 888 1772 ἀ
920 1695 1104 1782 tremenda
1123 1694 1248 1772 l'aevitia
1272 1689 1380 1775 coeli,

334 1796 406 1885 ,ἀ
428 1795 534 1872 maris
558 1795 758 1888 importuni
785 1793 865 1874 lunt
893 1811 1144 1879 mercatores,
1173 1808 1214 1872 ut
1246 1791 1384 1868 divitias

335 1948 361 1988 „
374 1891 534 1972 ventosas
555 1897 773 1993 acquirant,
795 1895 1016 1993 majoribus,
1042 1916 1150 1990 quam
1177 1891 1306 1992 quibus
1326 1912 1387 1968 ac-

336 2049 361 2087 „
374 1991 508 2091 quifitae
528 1995 609 2070 lunt
629 2037 642 2074 r
663 1994 855 2096 periculis·
880 1995 1202 2092 &tempestatibus
1239 1986 1386 2091 plenas?

336 2148 361 2190 ,
374 2092 482 2189 Quot
502 2093 625 2176 aestus,
647 2115 726 2212 quar
748 2093 900 2212 frigora,
918 2117 1001 2212 quar⁸
1018 2096 1173 2212 pericula
1196 2094 1240 2170 ab
1261 2091 1390 2208 equis·

338 2190 834 2392 :mussulis
844 2191 1392 2408 stultulus:

339 2449 364 2487 „
379 2397 414 2470 di
429 2408 603 2490 ,quantas
627 2391 820 2480 vilillimis,
841 2395 878 2470 &
901 2391 1137 2471 sordidilltmis
1154 2393 1223 2469 cibr
1236 2390 1299 2478 ,δι
1323 2411 1395 2485 po·

341 2549 366 2589 ,
385 2510 441 2571 tus
463 2493 637 2589 anguillas
660 2541 672 2579 ,
702 2512 741 2572 ut
763 2494 906 2572 bestiam
932 2493 1156 2591 capianti&
1184 2492 1393 2576 interdurn,
1548 2453 1573 2546 τ’

342 2615 445 2686 „occ
465 2590 571 2688 ipsius
588 2591 706 2672 bestie
734 2616 883 2677 carnes,
903 2611 1051 2693 propter
1079 2615 1187 2692 quam
1216 2590 1293 2668 hec
1315 2609 1396 2666 tao·

344 2712 420 2788 „ta
451 2691 642 2782 sustinent,
665 2692 745 2773 lunt
779 2695 890 2792 epulis
915 2691 1122 2776 neceffariae,
1155 2694 1396 2788 Quamquam

344 2848 368 2887 „
384 2790 446 2870 etii
464 2816 575 2890 aper,
595 2792 788 2895 cervusque
809 2797 989 2891 capiatur,
1013 2798 1124 2892 magis
1146 2793 1247 2873 suave
1270 2788 1311 2866 lit
1335 2811 1398 2891 ve-

347 2949 372 2987 „
387 2895 501 2969 nantis
518 2895 663 2981 animo,
685 2899 768 2991 quia
789 2913 912 2990 captos
946 2895 1016 2980 est,
1036 2917 1144 2994 quam
1174 2889 1398 2969 comedentis

350 3048 374 3086 „
393 2993 530 3088 palato,
544 2995 625 3090 quia
640 2996 782 3072 coarlus
804 2997 864 3074 cll
902 2994 1055 3088 Quantis
1070 2997 1175 3070 etiam
1187 2990 1401 3069 cruciatibus

353 3147 377 3185 „
393 3114 506 3191 prope
532 3094 818 3191 quotidianarum
844 3094 1027 3191 plagarum
1058 3109 1176 3169 tenera
1202 3107 1400 3195 puerorum

355 3246 379 3285 „
392 3208 472 3269 aetas
491 3190 674 3270 subdituri
697 3193 850 3285 Quantis
868 3197 971 3269 etiam
987 3197 1022 3267 in
1039 3191 1164 3268 scholis
1179 3190 1401 3286 uigiliarum,

355 3347 379 3386 „
396 3295 432 3369 ἃ
465 3291 680 3369 abstinentie
708 3294 876 3371 molestiis
897 3309 1133 3378 exercentur,
1158 3315 1233 3366 non
1253 3301 1403 3385 propter

354 3392 589 3485 „discendam
609 3390 811 3492 sapientiam
826 3444 835 3477 ‚
853 3390 909 3470 sed
929 3410 1075 3489 propter
1098 3414 1210 3491 opus,
1234 3380 1405 3464 honores·

358 3550 381 3587 „
398 3516 468 3592 que
486 3495 671 3580 vanitatis,
696 3509 736 3571 ut
761 3517 948 3579 numeros,
974 3494 1011 3569 ἃ
1035 3492 1148 3569 literas
1166 3539 1177 3574 ‚
1198 3491 1235 3566 δι
1263 3486 1405 3564 disertas

359 3592 545 3686 ,fallacias
570 3591 691 3692 eloqui
714 3593 872 3672 discant?
898 3592 955 3669 sed
983 3594 1020 3669 in
1040 3591 1093 3668 his
1117 3591 1284 3669 omnibus
1305 3641 1316 3672 ‚
1341 3584 1407 3685 qul

364 3745 386 3785 ‚,
399 3693 473 3770 haee
492 3715 568 3768 non
594 3709 735 3780 amant,
755 3695 876 3770 eadem
893 3696 1012 3791 gravia
1041 3697 1240 3789 pariunturt
1261 3690 1322 3787 qui
1346 3708 1409 3762 ve·

365 3847 388 3884 „
404 3816 446 3868 ro
474 3806 622 3881 amant,
646 3792 768 3869 eadem
793 3794 965 3894 quidem,
997 3792 1054 3869 led
1087 3817 1163 3870 noo
1191 3790 1311 3885 grauia
1335 3782 1410 3884 pati

367 3892 542 3969 videntur.
565 3948 618 3986 „,
646 3889 780 3972 Omnia
801 3899 896 3971 enirn
915 3893 1023 3980 laevs,
1046 3894 1083 3969 ἃ
1106 3891 1291 3972 immania,
1308 3903 1413 3978 91⁰1·

366 3989 421 4071 ius
439 3990 572 4078 facilia,
602 3993 639 4068 δι
664 4016 778 4089 prope
802 3993 895 4071 nulls
921 3990 1028 4072 efficit
1052 4013 1165 4068 amor·
1193 3992 1343 4082 Quanto
1357 4003 1432 4058 οτι.
1527 4052 1529 4057 ,

367 4115 421 4192 go
444 4096 596 4176 certius,
614 4114 656 4168 ac
685 4093 816 4170 lacilius
841 4094 884 4169 sd
910 4116 1027 4167 veram
1054 4091 1310 4168 beatitudinem
1328 4080 1421 4172 cha·,

368 4201 450 4270 ritas
474 4191 578 4275 lacit,
597 4194 697 4285 quod
716 4191 759 4268 ad
780 4192 973 4277 miseriam,
997 4209 1171 4286 quantum
1195 4185 1335 4284 potuit,
1351 4200 1415 4258 cu·

371 4292 497 4393 piditas
515 4291 623 4378 lecit?
640 4291 764 4383 Quam
793 4290 891 4367 focile
913 4290 1083 4366 toleratur
1108 4288 1271 4386 quaelibet
1292 4280 1417 4369 adver·

373 4394 450 4469 tiss
466 4393 693 4488 temporalis,
708 4407 747 4469 ut
764 4409 899 4469 aeternae
912 4411 1030 4486 poenae
1048 4391 1221 4474 vitentur,
1237 4385 1273 4461 ἃ
1287 4389 1417 4494 aeterna

371 4494 512 4590 requies
535 4491 794 4592 comparetur?
813 4490 901 4571 Non
921 4491 1101 4569 immerito
1123 4487 1180 4566 ille
1200 4509 1259 4570 aas
1277 4480 1424 4599 elellru'-

1282 4603 1338 4660 ors
1352 4633 1366 4669 ,
