3792 5375
1156 467 1376 618 “³82-
1500 467 1813 607 Theon
1869 481 2103 625 hog⁶
2156 509 2236 599 sc
2299 491 2604 601 moral.
2651 503 2836 601 Lib.
2881 508 3034 629 lv,

1142 682 1507 764 Pastorem
1549 686 1899 763 inveniret
1947 685 2308 760 viventem
2333 728 2354 761 ‚
2391 684 2514 784 qui
2553 688 2699 761 aitt
2740 683 2920 756 Vivo
2968 704 3128 777 ego,
3171 687 3281 758 az·-

1144 791 1240 855 εἰς
1283 790 1609 856 Dominus
1639 786 1828 867 ‚·.sed
1867 802 2041 860 cum
2080 784 2291 858 fuerit
2347 783 2718 878 negligens
2748 832 2770 865 ,
2816 807 2968 858 non
3019 789 3280 864 admo·
3329 818 3331 824 ·

1146 899 1362 980 nente
1395 886 1565 974 ille,
1595 889 1716 985 qui
1741 887 1827 960 ad
1866 886 2013 960 hoc
2056 884 2153 958 est
2198 883 2659 977 praepolitus„
2710 886 2781 958 δι
2828 885 3274 980 speculator,

1147 1002 1232 1062 ut
1279 986 1660 1063 admoneat
1686 1041 1706 1070 ‚
1737 986 1807 1060 &
1848 983 1964 1058 ille
2008 981 2185 1076 juste
2215 987 2561 1058 moritur,
2604 985 2826 1059 &iste
2855 987 3035 1077 juste
3074 992 3279 1066 dam·

750 1073 974 1167 ²5²¹*st
995 1093 1116 1154 8¹²·
1152 1099 1358 1182 natur
1414 1142 1457 1178 „
1488 1143 1555 1179 ,‚.
1614 1085 1881 1162 Praelati
1933 1101 2111 1179 ergo
2161 1084 2259 1157 ob
2304 1080 2706 1177 neglectum
2758 1086 3269 1168 correctionis,

737 1163 1101 1292 ffi‘ffibffi}
1152 1200 1298 1261 tam
1351 1184 1669 1264 fraternae
1707 1229 1728 1261 ‚
1773 1206 1987 1281 quam
2040 1184 2417 1275 judiciariae
2487 1178 2807 1259 officium
2836 1238 2856 1269 ,
2891 1208 3262 1279 graviores

734 1303 816 1365 ob
850 1301 1049 1381 negle.
1156 1308 1406 1379 poenas
1455 1287 1726 1363 dabunt
1764 1338 1785 1369 ,
1833 1290 1996 1379 quia
2045 1283 2210 1358 ideo
2273 1280 2543 1356 Praelati
2589 1307 2628 1359 a
2659 1283 2855 1366 ‚neo
2903 1293 3270 1365 constituti

728 1379 895 1469 &¹3¹²
916 1399 1110 1469 forre·-
1152 1386 1312 1461 sunt
1346 1437 1369 1472 ,
1411 1403 1490 1462 ut
1535 1383 1865 1484 spirituali
1925 1385 2173 1458 ovium
2240 1382 2521 1458 utilitati
2573 1386 2982 1471 consulant,
3036 1406 3269 1463 erran-

731 1470 961 1597 ἓξὲξ
1007 1457 1096 1520 ‘'f·
1153 1498 1257 1561 tes
1279 1485 1640 1571 reducant,
1665 1484 1983 1561 infirmos
2002 1496 2275 1564 curent,
2298 1483 2555 1557 debiles
2575 1487 2881 1559 foveant.
2914 1540 3005 1574 „‚‚
3034 1490 3267 1579 Quod

1116 1584 1520 1662 *Christiani
1550 1585 1804 1664 sumus
1831 1585 1867 1670 (
1893 1589 2112 1676 inqmt
2155 1591 2216 1650 S·
2245 1574 2571 1674 August.)
2609 1603 2907 1682 propter
2952 1610 3086 1659 nos
3118 1590 3264 1681 αἰὲς

1143 1685 1346 1782 quod
1388 1685 1741 1782 praepofiti
1782 1683 2016 1760 sumus
2047 1737 2069 1769 ,
2116 1695 2411 1780 propter
2444 1704 2571 1757 vos
2600 1688 2719 1757 est.
2775 1688 2854 1760 ln
2892 1708 3022 1766 eo,
3061 1692 3265 1784 quod

1139 1781 1514 1863 Christiani
1560 1787 1840 1870 sumus,
1879 1786 2269 1860 attenditur
2317 1784 2566 1858 utilitas
2618 1787 2851 1860 nostra
2908 1808 2930 1876 3
2999 1793 3070 1859 in
3122 1816 3260 1875 eo,

1146 1886 1351 1979 quod
1421 1887 1772 1984 praepofiti
1809 1940 1830 1970 ,
1884 1884 2164 1958 nonnili
2224 1884 2465 1958 vestra·
2527 1882 2710 1959 Sunt
2766 1904 3002 1963 autem
3053 1888 3261 1965 molti

1120 1982 1553 2085 Christiani,
1577 1988 1648 2061 &
1675 2010 1822 2061 non
1848 1981 2203 2081 praepofiti
2229 2038 2250 2069 ,
2282 1984 2402 2080 qui
2422 1986 2838 2077 perveniunt
2858 1988 2944 2061 ad
2970 1984 3210 2064 Deum
3237 2042 3260 2074 .

1138 2085 1450 2161 faciliore
1471 2083 1755 2163 fortasse
1790 2088 2078 2169 itinere,
2114 2084 2187 2158 δι
2215 2098 2417 2159 tanto
2450 2082 2637 2158 forte
2668 2087 3074 2181 expeditius
3109 2113 3261 2163 am-

1132 2184 1463 2262 balantes
1509 2234 1529 2263 ‚
1580 2203 1855 2280 quanto
1917 2185 2271 2258 minorem
2325 2185 2657 2287 sarcinam
2713 2197 3024 2278 portant·
3094 2189 3261 2263 Noe

1127 2298 1424 2371 autem,
1450 2303 1761 2384 excepto
1791 2284 1995 2384 quod
2048 2281 2421 2360 Christiani
2460 2289 2741 2369 tumus,
2804 2289 2992 2363 unde
3036 2302 3257 2364 rano.

1108 2393 1304 2462 ‘nem
1332 2386 1708 2463 reddemus
1732 2383 1902 2462 Deo
1944 2381 2036 2457 de
2068 2387 2206 2460 vita
2245 2381 2516 2468 nostra,
2552 2384 2786 2460 snmus
2834 2394 3040 2464 etiam
3067 2411 3244 2480 prae·

1131 2483 1347 2580 politi
1378 2539 1401 2574 ,
1446 2488 1642 2562 unde
1698 2490 2054 2563 rationem
2105 2482 2487 2561 reddemus
2543 2479 2714 2560 Deo
2762 2487 2853 2561 de
2914 2490 3258 2580 dispensa-

1132 2586 1337 2661 tione
1383 2586 1614 2662 nostra
1669 2642 1759 2678 „0

1237 2680 1578 2762 Eamdem
1625 2684 1969 2784 Regulam
2024 2683 2406 2762 confirmat
2447 2699 2520 2766 δ’.
2558 2679 2843 2754 Thomas
2870 2739 2890 2771 ‚
2949 2684 3248 2766 articulo

1131 2781 1443 2881 superius
1479 2789 1794 2863 indicato
1850 2791 1921 2863 in
1969 2784 2424 2884 responfione
2466 2784 2552 2857 ad
2598 2788 2962 2878 primum:
3014 2844 3109 2881 ,ω
3160 2791 3247 2866 ln

1133 2890 1595 2983 correptione
1636 2887 1937 2964 fraterna
2010 2886 2350 2980 (mquic)
2397 2907 2556 2980 quae
2601 2885 2689 2960 ad
2744 2911 2995 2963 omnes
3038 2896 3250 2986 perti-

1102 3001 1297 3073 ·net,
1341 2990 1630 3083 gravior
1677 2989 1774 3064 est
1821 3010 1989 3064 cura
2034 2983 2516 3063 Praelatorum·
2575 2984 2773 3063 Sicut
2827 2991 3015 3064 enim
3062 3008 3240 3066 tem·

1129 3086 1396 3185 poralia
1439 3086 1774 3166 beneficia
1831 3091 2073 3184 potius
2133 3088 2346 3163 debet
2390 3085 2638 3181 aliquis
2696 3087 3029 3164 exhibere
3070 3093 3244 3171 illis·

1126 3208 1444 3282 quorum
1497 3211 1741 3264 curam
1796 3187 2265 3284 temporalem
2303 3187 2514 3262 habet
2545 3241 2565 3272 ,
2604 3189 2698 3261 ita
2753 3190 2959 3261 etiam
3022 3193 3237 3263 bene.

1127 3282 1286 3361 ficia
1328 3284 1696 3380 spiritualia
1729 3343 1751 3373 ,
1799 3305 1972 3385 puta
2023 3288 2541 3365 correctionem
2578 3339 2599 3368 ,
2648 3288 3040 3360 doctrinam
3094 3342 3113 3371 ,
3162 3293 3238 3364 &
