3792 5375
1101 546 1265 657 386
1439 514 1808 640 *Theolss
1846 538 2093 661 Βοὲς.
2127 530 2212 638 Sc
2252 541 2562 643 MoraL
2595 541 2784 641 Lib.
2814 533 2968 636 lv.

1626 718 1696 797 R
1737 715 1815 797 'E
1865 715 1939 798 G
1990 718 2057 797 U
2110 713 2175 795 L
2233 717 2292 796 A
2391 714 2477 795 X
2513 714 2701 794 LV.

1109 875 1420 963 Omiffio
1474 878 1952 972 correptionis
2003 876 2326 955 fraternae
2362 871 2737 974 peccatuln
2779 874 2879 951 est
2913 921 2932 952 2
2978 872 3029 951 fi
3059 877 3217 968 quis

1208 980 1401 1058 illam
1441 978 1716 1055 omittit
1755 999 1846 1053 ex
1887 994 2128 1073 metu..
2180 977 2290 1052 vel
2329 977 2756 1076 cupiditate,
2802 999 2970 1051 cum
3015 975 3100 1050 ad
3138 975 3221 1050 il-

1207 1081 1348 1160 lam
1388 1093 1665 1155 tenetur
1692 1098 1782 1152 ex
1824 1074 2071 1153 officio
2099 1134 2119 1163 ‚
2150 1096 2272 1155 aut
2315 1094 2630 1152 extrema
2665 1075 3021 1152 neceffitas
3046 1091 3221 1172 pro-‘-

1126 1247 1133 1256 .
1211 1184 1390 1258 ximi
1440 1176 1750 1277 postulat
1801 1191 1948 1254 tam
1991 1177 2259 1255 salubre
2296 1176 2715 1253 remedium.

1109 1340 1437 1499 Hanc
1483 1332 1833 1429 Regulam
1887 1336 2101 1411 tradit
2147 1340 2212 1404 S.
2237 1331 2472 1411 Thom.
2507 1350 2666 1405 22.
2723 1354 2788 1429 q.
2833 1352 2951 1421 33.
2996 1346 3214 1411 art-2.

1204 1466 1213 1476 ·
1335 1440 1406 1511 in
1457 1432 1910 1530 responsione
1961 1436 2050 1510 ad
2099 1439 2433 1515 tertium:
2474 1489 2517 1527 ,‚
2547 1490 2592 1526 ‚‚
2650 1432 3215 1510 praetermittitur

1118 1533 1469 1630 (inquio)
1526 1534 1823 1609 fraterna
1876 1535 2226 1611 correstio
2282 1558 2452 1609 cum
2522 1549 2822 1631 peccato
2878 1534 3207 1619 mortali,

1108 1635 1405 1728 quando
1439 1635 1860 1711 formidatur
1886 1636 2232 1729 judicium
2275 1634 2474 1730 vulgi
2518 1686 2538 1711 ,
2576 1635 2647 1708 δι
2684 1635 2907 1708 carnis
2956 1654 3217 1708 excru-

1103 1737 1310 1810 tiatio
1359 1734 1463 1809 vel
1518 1738 1965 1832 peremptio,
2004 1735 2178 1811 dum
2230 1754 2463 1811 tamen
2501 1732 2652 1809 haec
2695 1736 2787 1807 ita
2831 1732 3214 1807 dominen-

1105 1849 1222 1912 tur
1274 1837 1344 1908 in
1389 1836 1632 1909 animo
1658 1887 1679 1916 ,
1714 1833 1916 1930 quod
1953 1832 2276 1912 fraternae
2320 1834 2636 1910 charitati
2674 1849 3209 1929 praeponantur.

1107 1932 1198 2010 Et
1262 1932 1407 2010 boc
1460 1933 1738 2010 videtur
1785 1936 2207 2033 contingere
2238 1990 2262 2021 ,
2296 1934 2594 2033 quando
2636 1935 2880 2027 aliquis
2948 1934 3212 2026 proba-

1099 2035 1336 2111 biliter
1377 2033 1728 2132 praesumit
1773 2036 1862 2110 de
1903 2033 2144 2131 aliquo
2186 2033 2645 2133 delinquente
2671 2078 2689 2111 2
2728 2030 2926 2127 quod
2978 2027 3210 2125 polset

1099 2158 1268 2210 eum
1310 2157 1349 2208 a
1408 2147 1725 2227 peccato,
1763 2133 2117 2210 retrahere
2148 2188 2169 2219 .
2240 2136 2310 2228 δι
2358 2150 2596 2210 tamen
2652 2149 2949 2230 propter
2993 2134 3213 2206 timo·

1095 2257 1251 2311 rem
1285 2288 1307 2318 ,
1355 2233 1463 2307 vel
1509 2230 1974 2327 cupiditatem
2034 2237 2510 2333 praetermittit
2569 2284 2698 2324 ,,,,.

1200 2333 1447 2427 Quam
1492 2332 1887 2410 dot'trinam
1942 2334 2260 2411 hauserat
2321 2341 2381 2402 S.
2417 2331 2485 2403 T
2482 2336 2647 2406 bom.
2708 2353 2800 2406 ex
2845 2336 2910 2401 S·
2939 2324 3206 2426 August.

1098 2432 1220 2511 lib.
1260 2451 1325 2512 1.
1384 2437 1490 2504 De
1517 2435 1813 2505 Civitate
1852 2437 2029 2518 Dei,
2068 2456 2223 2529 cap.
2238 2449 2310 2527 9.
2342 2435 2540 2528 cujus
2568 2431 2719 2509 haec
2763 2432 2918 2509 sunt
2950 2436 3197 2508 verba:

1105 2589 1152 2627 „
1181 2590 1227 2626 „
1283 2530 1469 2611 Illud
1516 2535 1614 2611 est
1647 2532 1996 2630 culpabile
2023 2582 2043 2615 ‚
2084 2538 2287 2629 quod
2329 2534 2438 2617 hi,
2480 2538 2601 2631 qui
2651 2530 3056 2609 diffiniiliter
3097 2536 3202 2609 vi-

1104 2647 1328 2721 vunt,
1379 2636 1452 2710 ἃ
1506 2657 1546 2711 a
1599 2635 1955 2711 malorum
2006 2634 2195 2710 factis
2243 2633 2635 2710 abhorrent
2681 2676 2704 2711 ‚
2760 2654 3057 2730 parcunt
3093 2650 3197 2710 ta-

1101 2756 1277 2810 men
1323 2737 1628 2832 peccatis
1675 2735 1957 2820 alienis,
2004 2757 2163 2830 quae
2210 2734 2597 2821 dedocere.
2644 2749 2763 2811 aut
2816 2737 3200 2831 obiurgare

1101 2835 1445 2910 deberent
1494 2879 1514 2912 ‚
1566 2857 1735 2911 cum
1779 2855 2035 2911 eorum
2102 2833 2530 2913 offenfiones
2582 2853 2834 2912 cavent
2871 2892 2891 2921 ‚
2939 2860 3028 2910 ne
3074 2836 3197 2911 fibi

1096 2951 1411 3010 noceant
1459 2935 1532 3010 in
1587 2933 1695 3010 his
1745 2934 1953 3011 rebus
1982 2983 2003 3016 ,
2043 2938 2300 3032 quibus
2345 2935 2533 3012 licite
2568 2938 2785 3020 boni,
2826 2954 3041 3030 atque
3092 2939 3199 3011 in-

1093 3050 1457 3120 nocentes
1479 3049 1818 3112 utuntur3
1855 3033 1968 3109 sed
1996 3035 2321 3129 cupidius
2365 3059 2578 3135 quam
2617 3037 2996 3129 oportebat
3027 3043 3189 3122 εὼς,

1091 3137 1218 3231 qui
1267 3138 1338 3208 in
1391 3133 1536 3210 hoc
1586 3131 1865 3211 mundo
1909 3139 2492 3231 peregrinantur,
2530 3137 2602 3212 &
2647 3136 2841 3230 spem
2881 3134 3193 3227 snpernae

991 3241 1003 3252 “
1094 3237 1334 3329 putriae
1390 3257 1530 3327 1:11*ae
1590 3233 1654 3309 se
1698 3249 1979 3329 gerunt.
2047 3233 2219 3309 Non
2263 3236 2487 3347 solun]
2547 3237 2811 3329 quippe
2851 3235 3187 3305 infirmio-

1115 3358 1158 3373 ‘'
1302 3358 1562 3405 ¹11·
1662 3365 1830 3405 ‘rx'
1950 3365 2023 3405 ιιι
2175 3365 2307 3405 ’Ἰ
2447 3369 2463 3405 ι
2600 3391 2603 3392 ⁷
2711 3357 2952 3401 *lei*
3135 3361 3151 3373 *
